{"step": 0, "timestamp": "2026-06-01T09:15:00+05:30", "state_snapshot": {"timestamp": "2026-06-01T09:15:00+05:30", "order_depths": {"SBIN": {"symbol": "SBIN", "bid_prices": [964.75], "bid_volumes": [100], "ask_prices": [964.84], "ask_volumes": [100]}}, "own_trades": {"SBIN": []}, "market_trades": {"SBIN": []}, "positions": {}, "portfolio_value": 100000.0, "cash": 100000.0, "trader_data": "{}", "listings": {}, "observations": {}}, "orders_submitted": [{"symbol": "SBIN", "direction": "BUY", "price": 0, "quantity": 10}], "orders_filled": [{"symbol": "SBIN", "direction": "BUY", "price": 966.7814375, "qty": 10, "timestamp": "2026-06-01T09:15:00+05:30", "charges": 4.10470262045125}], "strategy_logs": "[{\"type\":\"print\",\"message\":\"Tick | Symbol: SBIN | Pos: 0\\n  -> MARKET BUY 10 units\"}]", "portfolio_value": 100000.0, "cash": 100000.0}
{"step": 1, "timestamp": "2026-06-01T09:16:00+05:30", "state_snapshot": {"timestamp": "2026-06-01T09:16:00+05:30", "order_depths": {"SBIN": {"symbol": "SBIN", "bid_prices": [964.7], "bid_volumes": [100], "ask_prices": [964.79], "ask_volumes": [100]}}, "own_trades": {"SBIN": [{"symbol": "SBIN", "price": 966.7814375, "quantity": 10, "timestamp": "2026-06-01T09:15:00+05:30", "direction": "BUY", "trade_id": "T-81D903F5"}]}, "market_trades": {"SBIN": []}, "positions": {"SBIN": {"symbol": "SBIN", "quantity": 10, "avg_price": 966.7814375, "realized_pnl": 0.0, "unrealized_pnl": -20.314375000000382}}, "portfolio_value": 99975.58092237955, "cash": 99995.89529737955, "trader_data": "{\"pos\": 0}", "listings": {}, "observations": {}}, "orders_submitted": [{"symbol": "SBIN", "direction": "SELL", "price": 0, "quantity": 10}], "orders_filled": [{"symbol": "SBIN", "direction": "SELL", "price": 964.7191125, "qty": 10, "timestamp": "2026-06-01T09:16:00+05:30", "charges": 6.218328572205751}], "strategy_logs": "[{\"type\":\"print\",\"message\":\"Tick | Symbol: SBIN | Pos: 10\\n  -> MARKET SELL 10 units\"}]", "portfolio_value": 99975.58092237955, "cash": 99995.89529737955}
{"step": 2, "timestamp": "2026-06-01T09:17:00+05:30", "state_snapshot": {"timestamp": "2026-06-01T09:17:00+05:30", "order_depths": {"SBIN": {"symbol": "SBIN", "bid_prices": [967.4], "bid_volumes": [100], "ask_prices": [967.49], "ask_volumes": [100]}}, "own_trades": {"SBIN": [{"symbol": "SBIN", "price": 966.7814375, "quantity": 10, "timestamp": "2026-06-01T09:15:00+05:30", "direction": "BUY", "trade_id": "T-81D903F5"}, {"symbol": "SBIN", "price": 964.7191125, "quantity": 10, "timestamp": "2026-06-01T09:16:00+05:30", "direction": "SELL", "trade_id": "T-3E60EA7A"}]}, "market_trades": {"SBIN": []}, "positions": {}, "portfolio_value": 99989.67696880735, "cash": 99989.67696880735, "trader_data": "{\"pos\": 10}", "listings": {}, "observations": {}}, "orders_submitted": [{"symbol": "SBIN", "direction": "BUY", "price": 0, "quantity": 10}], "orders_filled": [{"symbol": "SBIN", "direction": "BUY", "price": 965.2806125, "qty": 10, "timestamp": "2026-06-01T09:17:00+05:30", "charges": 4.098330507715749}], "strategy_logs": "[{\"type\":\"print\",\"message\":\"Tick | Symbol: SBIN | Pos: 0\\n  -> MARKET BUY 10 units\"}]", "portfolio_value": 99989.67696880735, "cash": 99989.67696880735}
{"step": 3, "timestamp": "2026-06-01T09:18:00+05:30", "state_snapshot": {"timestamp": "2026-06-01T09:18:00+05:30", "order_depths": {"SBIN": {"symbol": "SBIN", "bid_prices": [968.8], "bid_volumes": [100], "ask_prices": [968.89], "ask_volumes": [100]}}, "own_trades": {"SBIN": [{"symbol": "SBIN", "price": 966.7814375, "quantity": 10, "timestamp": "2026-06-01T09:15:00+05:30", "direction": "BUY", "trade_id": "T-81D903F5"}, {"symbol": "SBIN", "price": 964.7191125, "quantity": 10, "timestamp": "2026-06-01T09:16:00+05:30", "direction": "SELL", "trade_id": "T-3E60EA7A"}, {"symbol": "SBIN", "price": 965.2806125, "quantity": 10, "timestamp": "2026-06-01T09:17:00+05:30", "direction": "BUY", "trade_id": "T-741CB8AF"}]}, "market_trades": {"SBIN": []}, "positions": {"SBIN": {"symbol": "SBIN", "quantity": 10, "avg_price": 965.2806125, "realized_pnl": 0.0, "unrealized_pnl": 35.69387500000062}}, "portfolio_value": 100021.27251329964, "cash": 99985.57863829964, "trader_data": "{\"pos\": 0}", "listings": {}, "observations": {}}, "orders_submitted": [{"symbol": "SBIN", "direction": "SELL", "price": 0, "quantity": 10}], "orders_filled": [{"symbol": "SBIN", "direction": "SELL", "price": 966.46815, "qty": 10, "timestamp": "2026-06-01T09:18:00+05:30", "charges": 6.229602413181}], "strategy_logs": "[{\"type\":\"print\",\"message\":\"Tick | Symbol: SBIN | Pos: 10\\n  -> MARKET SELL 10 units\"}]", "portfolio_value": 100021.27251329964, "cash": 99985.57863829964}
{"step": 4, "timestamp": "2026-06-01T09:19:00+05:30", "state_snapshot": {"timestamp": "2026-06-01T09:19:00+05:30", "order_depths": {"SBIN": {"symbol": "SBIN", "bid_prices": [968.5], "bid_volumes": [100], "ask_prices": [968.59], "ask_volumes": [100]}}, "own_trades": {"SBIN": [{"symbol": "SBIN", "price": 966.7814375, "quantity": 10, "timestamp": "2026-06-01T09:15:00+05:30", "direction": "BUY", "trade_id": "T-81D903F5"}, {"symbol": "SBIN", "price": 964.7191125, "quantity": 10, "timestamp": "2026-06-01T09:16:00+05:30", "direction": "SELL", "trade_id": "T-3E60EA7A"}, {"symbol": "SBIN", "price": 965.2806125, "quantity": 10, "timestamp": "2026-06-01T09:17:00+05:30", "direction": "BUY", "trade_id": "T-741CB8AF"}, {"symbol": "SBIN", "price": 966.46815, "quantity": 10, "timestamp": "2026-06-01T09:18:00+05:30", "direction": "SELL", "trade_id": "T-69203AAE"}]}, "market_trades": {"SBIN": []}, "positions": {}, "portfolio_value": 99979.34903588647, "cash": 99979.34903588647, "trader_data": "{\"pos\": 10}", "listings": {}, "observations": {}}, "orders_submitted": [{"symbol": "SBIN", "direction": "BUY", "price": 0, "quantity": 10}], "orders_filled": [{"symbol": "SBIN", "direction": "BUY", "price": 968.9826475000001, "qty": 10, "timestamp": "2026-06-01T09:19:00+05:30", "charges": 4.11404838579665}], "strategy_logs": "[{\"type\":\"print\",\"message\":\"Tick | Symbol: SBIN | Pos: 0\\n  -> MARKET BUY 10 units\"}]", "portfolio_value": 99979.34903588647, "cash": 99979.34903588647}
{"step": 5, "timestamp": "2026-06-01T09:20:00+05:30", "state_snapshot": {"timestamp": "2026-06-01T09:20:00+05:30", "order_depths": {"SBIN": {"symbol": "SBIN", "bid_prices": [967.85], "bid_volumes": [100], "ask_prices": [967.94], "ask_volumes": [100]}}, "own_trades": {"SBIN": [{"symbol": "SBIN", "price": 966.7814375, "quantity": 10, "timestamp": "2026-06-01T09:15:00+05:30", "direction": "BUY", "trade_id": "T-81D903F5"}, {"symbol": "SBIN", "price": 964.7191125, "quantity": 10, "timestamp": "2026-06-01T09:16:00+05:30", "direction": "SELL", "trade_id": "T-3E60EA7A"}, {"symbol": "SBIN", "price": 965.2806125, "quantity": 10, "timestamp": "2026-06-01T09:17:00+05:30", "direction": "BUY", "trade_id": "T-741CB8AF"}, {"symbol": "SBIN", "price": 966.46815, "quantity": 10, "timestamp": "2026-06-01T09:18:00+05:30", "direction": "SELL", "trade_id": "T-69203AAE"}, {"symbol": "SBIN", "price": 968.9826475000001, "quantity": 10, "timestamp": "2026-06-01T09:19:00+05:30", "direction": "BUY", "trade_id": "T-C2561905"}]}, "market_trades": {"SBIN": []}, "positions": {"SBIN": {"symbol": "SBIN", "quantity": 10, "avg_price": 968.9826475000002, "realized_pnl": 0.0, "unrealized_pnl": -10.826475000002347}}, "portfolio_value": 99964.40851250065, "cash": 99975.23498750066, "trader_data": "{\"pos\": 0}", "listings": {}, "observations": {}}, "orders_submitted": [{"symbol": "SBIN", "direction": "SELL", "price": 0, "quantity": 10}], "orders_filled": [{"symbol": "SBIN", "direction": "SELL", "price": 968.46705, "qty": 10, "timestamp": "2026-06-01T09:20:00+05:30", "charges": 6.242486802867}], "strategy_logs": "[{\"type\":\"print\",\"message\":\"Tick | Symbol: SBIN | Pos: 10\\n  -> MARKET SELL 10 units\"}]", "portfolio_value": 99964.40851250065, "cash": 99975.23498750066}
{"step": 6, "timestamp": "2026-06-01T09:21:00+05:30", "state_snapshot": {"timestamp": "2026-06-01T09:21:00+05:30", "order_depths": {"SBIN": {"symbol": "SBIN", "bid_prices": [968.45], "bid_volumes": [100], "ask_prices": [968.54], "ask_volumes": [100]}}, "own_trades": {"SBIN": [{"symbol": "SBIN", "price": 966.7814375, "quantity": 10, "timestamp": "2026-06-01T09:15:00+05:30", "direction": "BUY", "trade_id": "T-81D903F5"}, {"symbol": "SBIN", "price": 964.7191125, "quantity": 10, "timestamp": "2026-06-01T09:16:00+05:30", "direction": "SELL", "trade_id": "T-3E60EA7A"}, {"symbol": "SBIN", "price": 965.2806125, "quantity": 10, "timestamp": "2026-06-01T09:17:00+05:30", "direction": "BUY", "trade_id": "T-741CB8AF"}, {"symbol": "SBIN", "price": 966.46815, "quantity": 10, "timestamp": "2026-06-01T09:18:00+05:30", "direction": "SELL", "trade_id": "T-69203AAE"}, {"symbol": "SBIN", "price": 968.9826475000001, "quantity": 10, "timestamp": "2026-06-01T09:19:00+05:30", "direction": "BUY", "trade_id": "T-C2561905"}, {"symbol": "SBIN", "price": 968.46705, "quantity": 10, "timestamp": "2026-06-01T09:20:00+05:30", "direction": "SELL", "trade_id": "T-43947E06"}]}, "market_trades": {"SBIN": []}, "positions": {}, "portfolio_value": 99968.9925006978, "cash": 99968.9925006978, "trader_data": "{\"pos\": 10}", "listings": {}, "observations": {}}, "orders_submitted": [{"symbol": "SBIN", "direction": "BUY", "price": 0, "quantity": 10}], "orders_filled": [{"symbol": "SBIN", "direction": "BUY", "price": 968.1822075, "qty": 10, "timestamp": "2026-06-01T09:21:00+05:30", "charges": 4.11064992567105}], "strategy_logs": "[{\"type\":\"print\",\"message\":\"Tick | Symbol: SBIN | Pos: 0\\n  -> MARKET BUY 10 units\"}]", "portfolio_value": 99968.9925006978, "cash": 99968.9925006978}
{"step": 7, "timestamp": "2026-06-01T09:22:00+05:30", "state_snapshot": {"timestamp": "2026-06-01T09:22:00+05:30", "order_depths": {"SBIN": {"symbol": "SBIN", "bid_prices": [968.25], "bid_volumes": [100], "ask_prices": [968.34], "ask_volumes": [100]}}, "own_trades": {"SBIN": [{"symbol": "SBIN", "price": 966.7814375, "quantity": 10, "timestamp": "2026-06-01T09:15:00+05:30", "direction": "BUY", "trade_id": "T-81D903F5"}, {"symbol": "SBIN", "price": 964.7191125, "quantity": 10, "timestamp": "2026-06-01T09:16:00+05:30", "direction": "SELL", "trade_id": "T-3E60EA7A"}, {"symbol": "SBIN", "price": 965.2806125, "quantity": 10, "timestamp": "2026-06-01T09:17:00+05:30", "direction": "BUY", "trade_id": "T-741CB8AF"}, {"symbol": "SBIN", "price": 966.46815, "quantity": 10, "timestamp": "2026-06-01T09:18:00+05:30", "direction": "SELL", "trade_id": "T-69203AAE"}, {"symbol": "SBIN", "price": 968.9826475000001, "quantity": 10, "timestamp": "2026-06-01T09:19:00+05:30", "direction": "BUY", "trade_id": "T-C2561905"}, {"symbol": "SBIN", "price": 968.46705, "quantity": 10, "timestamp": "2026-06-01T09:20:00+05:30", "direction": "SELL", "trade_id": "T-43947E06"}, {"symbol": "SBIN", "price": 968.1822075, "quantity": 10, "timestamp": "2026-06-01T09:21:00+05:30", "direction": "BUY", "trade_id": "T-124079BB"}]}, "market_trades": {"SBIN": []}, "positions": {"SBIN": {"symbol": "SBIN", "quantity": 10, "avg_price": 968.1822075, "realized_pnl": 0.0, "unrealized_pnl": 1.1779249999995045}}, "portfolio_value": 99966.05977577213, "cash": 99964.88185077213, "trader_data": "{\"pos\": 0}", "listings": {}, "observations": {}}, "orders_submitted": [{"symbol": "SBIN", "direction": "SELL", "price": 0, "quantity": 10}], "orders_filled": [{"symbol": "SBIN", "direction": "SELL", "price": 967.86738, "qty": 10, "timestamp": "2026-06-01T09:22:00+05:30", "charges": 6.2386214859611995}], "strategy_logs": "[{\"type\":\"print\",\"message\":\"Tick | Symbol: SBIN | Pos: 10\\n  -> MARKET SELL 10 units\"}]", "portfolio_value": 99966.05977577213, "cash": 99964.88185077213}
{"step": 8, "timestamp": "2026-06-01T09:23:00+05:30", "state_snapshot": {"timestamp": "2026-06-01T09:23:00+05:30", "order_depths": {"SBIN": {"symbol": "SBIN", "bid_prices": [967.55], "bid_volumes": [100], "ask_prices": [967.64], "ask_volumes": [100]}}, "own_trades": {"SBIN": [{"symbol": "SBIN", "price": 966.7814375, "quantity": 10, "timestamp": "2026-06-01T09:15:00+05:30", "direction": "BUY", "trade_id": "T-81D903F5"}, {"symbol": "SBIN", "price": 964.7191125, "quantity": 10, "timestamp": "2026-06-01T09:16:00+05:30", "direction": "SELL", "trade_id": "T-3E60EA7A"}, {"symbol": "SBIN", "price": 965.2806125, "quantity": 10, "timestamp": "2026-06-01T09:17:00+05:30", "direction": "BUY", "trade_id": "T-741CB8AF"}, {"symbol": "SBIN", "price": 966.46815, "quantity": 10, "timestamp": "2026-06-01T09:18:00+05:30", "direction": "SELL", "trade_id": "T-69203AAE"}, {"symbol": "SBIN", "price": 968.9826475000001, "quantity": 10, "timestamp": "2026-06-01T09:19:00+05:30", "direction": "BUY", "trade_id": "T-C2561905"}, {"symbol": "SBIN", "price": 968.46705, "quantity": 10, "timestamp": "2026-06-01T09:20:00+05:30", "direction": "SELL", "trade_id": "T-43947E06"}, {"symbol": "SBIN", "price": 968.1822075, "quantity": 10, "timestamp": "2026-06-01T09:21:00+05:30", "direction": "BUY", "trade_id": "T-124079BB"}, {"symbol": "SBIN", "price": 967.86738, "quantity": 10, "timestamp": "2026-06-01T09:22:00+05:30", "direction": "SELL", "trade_id": "T-35226458"}]}, "market_trades": {"SBIN": []}, "positions": {}, "portfolio_value": 99958.64322928617, "cash": 99958.64322928617, "trader_data": "{\"pos\": 10}", "listings": {}, "observations": {}}, "orders_submitted": [{"symbol": "SBIN", "direction": "BUY", "price": 0, "quantity": 10}], "orders_filled": [{"symbol": "SBIN", "direction": "BUY", "price": 968.8325649999999, "qty": 10, "timestamp": "2026-06-01T09:23:00+05:30", "charges": 4.113411174523099}], "strategy_logs": "[{\"type\":\"print\",\"message\":\"Tick | Symbol: SBIN | Pos: 0\\n  -> MARKET BUY 10 units\"}]", "portfolio_value": 99958.64322928617, "cash": 99958.64322928617}
{"step": 9, "timestamp": "2026-06-01T09:24:00+05:30", "state_snapshot": {"timestamp": "2026-06-01T09:24:00+05:30", "order_depths": {"SBIN": {"symbol": "SBIN", "bid_prices": [967.1], "bid_volumes": [100], "ask_prices": [967.19], "ask_volumes": [100]}}, "own_trades": {"SBIN": [{"symbol": "SBIN", "price": 966.7814375, "quantity": 10, "timestamp": "2026-06-01T09:15:00+05:30", "direction": "BUY", "trade_id": "T-81D903F5"}, {"symbol": "SBIN", "price": 964.7191125, "quantity": 10, "timestamp": "2026-06-01T09:16:00+05:30", "direction": "SELL", "trade_id": "T-3E60EA7A"}, {"symbol": "SBIN", "price": 965.2806125, "quantity": 10, "timestamp": "2026-06-01T09:17:00+05:30", "direction": "BUY", "trade_id": "T-741CB8AF"}, {"symbol": "SBIN", "price": 966.46815, "quantity": 10, "timestamp": "2026-06-01T09:18:00+05:30", "direction": "SELL", "trade_id": "T-69203AAE"}, {"symbol": "SBIN", "price": 968.9826475000001, "quantity": 10, "timestamp": "2026-06-01T09:19:00+05:30", "direction": "BUY", "trade_id": "T-C2561905"}, {"symbol": "SBIN", "price": 968.46705, "quantity": 10, "timestamp": "2026-06-01T09:20:00+05:30", "direction": "SELL", "trade_id": "T-43947E06"}, {"symbol": "SBIN", "price": 968.1822075, "quantity": 10, "timestamp": "2026-06-01T09:21:00+05:30", "direction": "BUY", "trade_id": "T-124079BB"}, {"symbol": "SBIN", "price": 967.86738, "quantity": 10, "timestamp": "2026-06-01T09:22:00+05:30", "direction": "SELL", "trade_id": "T-35226458"}, {"symbol": "SBIN", "price": 968.8325649999999, "quantity": 10, "timestamp": "2026-06-01T09:23:00+05:30", "direction": "BUY", "trade_id": "T-1D61D099"}]}, "market_trades": {"SBIN": []}, "positions": {"SBIN": {"symbol": "SBIN", "quantity": 10, "avg_price": 968.8325649999999, "realized_pnl": 0.0, "unrealized_pnl": -16.82564999999954}}, "portfolio_value": 99937.70416811165, "cash": 99954.52981811165, "trader_data": "{\"pos\": 0}", "listings": {}, "observations": {}}, "orders_submitted": [{"symbol": "SBIN", "direction": "SELL", "price": 0, "quantity": 10}], "orders_filled": [{"symbol": "SBIN", "direction": "SELL", "price": 967.06782, "qty": 10, "timestamp": "2026-06-01T09:24:00+05:30", "charges": 6.233467730086799}], "strategy_logs": "[{\"type\":\"print\",\"message\":\"Tick | Symbol: SBIN | Pos: 10\\n  -> MARKET SELL 10 units\"}]", "portfolio_value": 99937.70416811165, "cash": 99954.52981811165}
{"step": 10, "timestamp": "2026-06-01T09:25:00+05:30", "state_snapshot": {"timestamp": "2026-06-01T09:25:00+05:30", "order_depths": {"SBIN": {"symbol": "SBIN", "bid_prices": [966.05], "bid_volumes": [100], "ask_prices": [966.14], "ask_volumes": [100]}}, "own_trades": {"SBIN": [{"symbol": "SBIN", "price": 966.7814375, "quantity": 10, "timestamp": "2026-06-01T09:15:00+05:30", "direction": "BUY", "trade_id": "T-81D903F5"}, {"symbol": "SBIN", "price": 964.7191125, "quantity": 10, "timestamp": "2026-06-01T09:16:00+05:30", "direction": "SELL", "trade_id": "T-3E60EA7A"}, {"symbol": "SBIN", "price": 965.2806125, "quantity": 10, "timestamp": "2026-06-01T09:17:00+05:30", "direction": "BUY", "trade_id": "T-741CB8AF"}, {"symbol": "SBIN", "price": 966.46815, "quantity": 10, "timestamp": "2026-06-01T09:18:00+05:30", "direction": "SELL", "trade_id": "T-69203AAE"}, {"symbol": "SBIN", "price": 968.9826475000001, "quantity": 10, "timestamp": "2026-06-01T09:19:00+05:30", "direction": "BUY", "trade_id": "T-C2561905"}, {"symbol": "SBIN", "price": 968.46705, "quantity": 10, "timestamp": "2026-06-01T09:20:00+05:30", "direction": "SELL", "trade_id": "T-43947E06"}, {"symbol": "SBIN", "price": 968.1822075, "quantity": 10, "timestamp": "2026-06-01T09:21:00+05:30", "direction": "BUY", "trade_id": "T-124079BB"}, {"symbol": "SBIN", "price": 967.86738, "quantity": 10, "timestamp": "2026-06-01T09:22:00+05:30", "direction": "SELL", "trade_id": "T-35226458"}, {"symbol": "SBIN", "price": 968.8325649999999, "quantity": 10, "timestamp": "2026-06-01T09:23:00+05:30", "direction": "BUY", "trade_id": "T-1D61D099"}, {"symbol": "SBIN", "price": 967.06782, "quantity": 10, "timestamp": "2026-06-01T09:24:00+05:30", "direction": "SELL", "trade_id": "T-DF4F6437"}]}, "market_trades": {"SBIN": []}, "positions": {}, "portfolio_value": 99948.29635038157, "cash": 99948.29635038157, "trader_data": "{\"pos\": 10}", "listings": {}, "observations": {}}, "orders_submitted": [{"symbol": "SBIN", "direction": "BUY", "price": 0, "quantity": 10}], "orders_filled": [{"symbol": "SBIN", "direction": "BUY", "price": 967.832015, "qty": 10, "timestamp": "2026-06-01T09:25:00+05:30", "charges": 4.1091630993661}], "strategy_logs": "[{\"type\":\"print\",\"message\":\"Tick | Symbol: SBIN | Pos: 0\\n  -> MARKET BUY 10 units\"}]", "portfolio_value": 99948.29635038157, "cash": 99948.29635038157}
{"step": 11, "timestamp": "2026-06-01T09:26:00+05:30", "state_snapshot": {"timestamp": "2026-06-01T09:26:00+05:30", "order_depths": {"SBIN": {"symbol": "SBIN", "bid_prices": [966.5], "bid_volumes": [100], "ask_prices": [966.59], "ask_volumes": [100]}}, "own_trades": {"SBIN": [{"symbol": "SBIN", "price": 966.7814375, "quantity": 10, "timestamp": "2026-06-01T09:15:00+05:30", "direction": "BUY", "trade_id": "T-81D903F5"}, {"symbol": "SBIN", "price": 964.7191125, "quantity": 10, "timestamp": "2026-06-01T09:16:00+05:30", "direction": "SELL", "trade_id": "T-3E60EA7A"}, {"symbol": "SBIN", "price": 965.2806125, "quantity": 10, "timestamp": "2026-06-01T09:17:00+05:30", "direction": "BUY", "trade_id": "T-741CB8AF"}, {"symbol": "SBIN", "price": 966.46815, "quantity": 10, "timestamp": "2026-06-01T09:18:00+05:30", "direction": "SELL", "trade_id": "T-69203AAE"}, {"symbol": "SBIN", "price": 968.9826475000001, "quantity": 10, "timestamp": "2026-06-01T09:19:00+05:30", "direction": "BUY", "trade_id": "T-C2561905"}, {"symbol": "SBIN", "price": 968.46705, "quantity": 10, "timestamp": "2026-06-01T09:20:00+05:30", "direction": "SELL", "trade_id": "T-43947E06"}, {"symbol": "SBIN", "price": 968.1822075, "quantity": 10, "timestamp": "2026-06-01T09:21:00+05:30", "direction": "BUY", "trade_id": "T-124079BB"}, {"symbol": "SBIN", "price": 967.86738, "quantity": 10, "timestamp": "2026-06-01T09:22:00+05:30", "direction": "SELL", "trade_id": "T-35226458"}, {"symbol": "SBIN", "price": 968.8325649999999, "quantity": 10, "timestamp": "2026-06-01T09:23:00+05:30", "direction": "BUY", "trade_id": "T-1D61D099"}, {"symbol": "SBIN", "price": 967.06782, "quantity": 10, "timestamp": "2026-06-01T09:24:00+05:30", "direction": "SELL", "trade_id": "T-DF4F6437"}, {"symbol": "SBIN", "price": 967.832015, "quantity": 10, "timestamp": "2026-06-01T09:25:00+05:30", "direction": "BUY", "trade_id": "T-B8917401"}]}, "market_trades": {"SBIN": []}, "positions": {"SBIN": {"symbol": "SBIN", "quantity": 10, "avg_price": 967.832015, "realized_pnl": 0.0, "unrealized_pnl": -12.820150000000012}}, "portfolio_value": 99931.36703728221, "cash": 99944.18718728221, "trader_data": "{\"pos\": 0}", "listings": {}, "observations": {}}, "orders_submitted": [{"symbol": "SBIN", "direction": "SELL", "price": 0, "quantity": 10}], "orders_filled": [{"symbol": "SBIN", "direction": "SELL", "price": 965.9184525000001, "qty": 10, "timestamp": "2026-06-01T09:26:00+05:30", "charges": 6.226059206017349}], "strategy_logs": "[{\"type\":\"print\",\"message\":\"Tick | Symbol: SBIN | Pos: 10\\n  -> MARKET SELL 10 units\"}]", "portfolio_value": 99931.36703728221, "cash": 99944.18718728221}
{"step": 12, "timestamp": "2026-06-01T09:27:00+05:30", "state_snapshot": {"timestamp": "2026-06-01T09:27:00+05:30", "order_depths": {"SBIN": {"symbol": "SBIN", "bid_prices": [965.65], "bid_volumes": [100], "ask_prices": [965.74], "ask_volumes": [100]}}, "own_trades": {"SBIN": [{"symbol": "SBIN", "price": 966.7814375, "quantity": 10, "timestamp": "2026-06-01T09:15:00+05:30", "direction": "BUY", "trade_id": "T-81D903F5"}, {"symbol": "SBIN", "price": 964.7191125, "quantity": 10, "timestamp": "2026-06-01T09:16:00+05:30", "direction": "SELL", "trade_id": "T-3E60EA7A"}, {"symbol": "SBIN", "price": 965.2806125, "quantity": 10, "timestamp": "2026-06-01T09:17:00+05:30", "direction": "BUY", "trade_id": "T-741CB8AF"}, {"symbol": "SBIN", "price": 966.46815, "quantity": 10, "timestamp": "2026-06-01T09:18:00+05:30", "direction": "SELL", "trade_id": "T-69203AAE"}, {"symbol": "SBIN", "price": 968.9826475000001, "quantity": 10, "timestamp": "2026-06-01T09:19:00+05:30", "direction": "BUY", "trade_id": "T-C2561905"}, {"symbol": "SBIN", "price": 968.46705, "quantity": 10, "timestamp": "2026-06-01T09:20:00+05:30", "direction": "SELL", "trade_id": "T-43947E06"}, {"symbol": "SBIN", "price": 968.1822075, "quantity": 10, "timestamp": "2026-06-01T09:21:00+05:30", "direction": "BUY", "trade_id": "T-124079BB"}, {"symbol": "SBIN", "price": 967.86738, "quantity": 10, "timestamp": "2026-06-01T09:22:00+05:30", "direction": "SELL", "trade_id": "T-35226458"}, {"symbol": "SBIN", "price": 968.8325649999999, "quantity": 10, "timestamp": "2026-06-01T09:23:00+05:30", "direction": "BUY", "trade_id": "T-1D61D099"}, {"symbol": "SBIN", "price": 967.06782, "quantity": 10, "timestamp": "2026-06-01T09:24:00+05:30", "direction": "SELL", "trade_id": "T-DF4F6437"}, {"symbol": "SBIN", "price": 967.832015, "quantity": 10, "timestamp": "2026-06-01T09:25:00+05:30", "direction": "BUY", "trade_id": "T-B8917401"}, {"symbol": "SBIN", "price": 965.9184525000001, "quantity": 10, "timestamp": "2026-06-01T09:26:00+05:30", "direction": "SELL", "trade_id": "T-B079973B"}]}, "market_trades": {"SBIN": []}, "positions": {}, "portfolio_value": 99937.96112807619, "cash": 99937.96112807619, "trader_data": "{\"pos\": 10}", "listings": {}, "observations": {}}, "orders_submitted": [{"symbol": "SBIN", "direction": "BUY", "price": 0, "quantity": 10}], "orders_filled": [{"symbol": "SBIN", "direction": "BUY", "price": 967.13163, "qty": 10, "timestamp": "2026-06-01T09:27:00+05:30", "charges": 4.1061894467562}], "strategy_logs": "[{\"type\":\"print\",\"message\":\"Tick | Symbol: SBIN | Pos: 0\\n  -> MARKET BUY 10 units\"}]", "portfolio_value": 99937.96112807619, "cash": 99937.96112807619}
{"step": 13, "timestamp": "2026-06-01T09:28:00+05:30", "state_snapshot": {"timestamp": "2026-06-01T09:28:00+05:30", "order_depths": {"SBIN": {"symbol": "SBIN", "bid_prices": [965.6], "bid_volumes": [100], "ask_prices": [965.69], "ask_volumes": [100]}}, "own_trades": {"SBIN": [{"symbol": "SBIN", "price": 966.7814375, "quantity": 10, "timestamp": "2026-06-01T09:15:00+05:30", "direction": "BUY", "trade_id": "T-81D903F5"}, {"symbol": "SBIN", "price": 964.7191125, "quantity": 10, "timestamp": "2026-06-01T09:16:00+05:30", "direction": "SELL", "trade_id": "T-3E60EA7A"}, {"symbol": "SBIN", "price": 965.2806125, "quantity": 10, "timestamp": "2026-06-01T09:17:00+05:30", "direction": "BUY", "trade_id": "T-741CB8AF"}, {"symbol": "SBIN", "price": 966.46815, "quantity": 10, "timestamp": "2026-06-01T09:18:00+05:30", "direction": "SELL", "trade_id": "T-69203AAE"}, {"symbol": "SBIN", "price": 968.9826475000001, "quantity": 10, "timestamp": "2026-06-01T09:19:00+05:30", "direction": "BUY", "trade_id": "T-C2561905"}, {"symbol": "SBIN", "price": 968.46705, "quantity": 10, "timestamp": "2026-06-01T09:20:00+05:30", "direction": "SELL", "trade_id": "T-43947E06"}, {"symbol": "SBIN", "price": 968.1822075, "quantity": 10, "timestamp": "2026-06-01T09:21:00+05:30", "direction": "BUY", "trade_id": "T-124079BB"}, {"symbol": "SBIN", "price": 967.86738, "quantity": 10, "timestamp": "2026-06-01T09:22:00+05:30", "direction": "SELL", "trade_id": "T-35226458"}, {"symbol": "SBIN", "price": 968.8325649999999, "quantity": 10, "timestamp": "2026-06-01T09:23:00+05:30", "direction": "BUY", "trade_id": "T-1D61D099"}, {"symbol": "SBIN", "price": 967.06782, "quantity": 10, "timestamp": "2026-06-01T09:24:00+05:30", "direction": "SELL", "trade_id": "T-DF4F6437"}, {"symbol": "SBIN", "price": 967.832015, "quantity": 10, "timestamp": "2026-06-01T09:25:00+05:30", "direction": "BUY", "trade_id": "T-B8917401"}, {"symbol": "SBIN", "price": 965.9184525000001, "quantity": 10, "timestamp": "2026-06-01T09:26:00+05:30", "direction": "SELL", "trade_id": "T-B079973B"}, {"symbol": "SBIN", "price": 967.13163, "quantity": 10, "timestamp": "2026-06-01T09:27:00+05:30", "direction": "BUY", "trade_id": "T-290000F8"}]}, "market_trades": {"SBIN": []}, "positions": {"SBIN": {"symbol": "SBIN", "quantity": 10, "avg_price": 967.1316300000001, "realized_pnl": 0.0, "unrealized_pnl": -14.816300000001092}}, "portfolio_value": 99919.03863862943, "cash": 99933.85493862943, "trader_data": "{\"pos\": 0}", "listings": {}, "observations": {}}, "orders_submitted": [{"symbol": "SBIN", "direction": "SELL", "price": 0, "quantity": 10}], "orders_filled": [{"symbol": "SBIN", "direction": "SELL", "price": 965.2188375, "qty": 10, "timestamp": "2026-06-01T09:28:00+05:30", "charges": 6.221549669627249}], "strategy_logs": "[{\"type\":\"print\",\"message\":\"Tick | Symbol: SBIN | Pos: 10\\n  -> MARKET SELL 10 units\"}]", "portfolio_value": 99919.03863862943, "cash": 99933.85493862943}
{"step": 14, "timestamp": "2026-06-01T09:29:00+05:30", "state_snapshot": {"timestamp": "2026-06-01T09:29:00+05:30", "order_depths": {"SBIN": {"symbol": "SBIN", "bid_prices": [965.2], "bid_volumes": [100], "ask_prices": [965.29], "ask_volumes": [100]}}, "own_trades": {"SBIN": [{"symbol": "SBIN", "price": 966.7814375, "quantity": 10, "timestamp": "2026-06-01T09:15:00+05:30", "direction": "BUY", "trade_id": "T-81D903F5"}, {"symbol": "SBIN", "price": 964.7191125, "quantity": 10, "timestamp": "2026-06-01T09:16:00+05:30", "direction": "SELL", "trade_id": "T-3E60EA7A"}, {"symbol": "SBIN", "price": 965.2806125, "quantity": 10, "timestamp": "2026-06-01T09:17:00+05:30", "direction": "BUY", "trade_id": "T-741CB8AF"}, {"symbol": "SBIN", "price": 966.46815, "quantity": 10, "timestamp": "2026-06-01T09:18:00+05:30", "direction": "SELL", "trade_id": "T-69203AAE"}, {"symbol": "SBIN", "price": 968.9826475000001, "quantity": 10, "timestamp": "2026-06-01T09:19:00+05:30", "direction": "BUY", "trade_id": "T-C2561905"}, {"symbol": "SBIN", "price": 968.46705, "quantity": 10, "timestamp": "2026-06-01T09:20:00+05:30", "direction": "SELL", "trade_id": "T-43947E06"}, {"symbol": "SBIN", "price": 968.1822075, "quantity": 10, "timestamp": "2026-06-01T09:21:00+05:30", "direction": "BUY", "trade_id": "T-124079BB"}, {"symbol": "SBIN", "price": 967.86738, "quantity": 10, "timestamp": "2026-06-01T09:22:00+05:30", "direction": "SELL", "trade_id": "T-35226458"}, {"symbol": "SBIN", "price": 968.8325649999999, "quantity": 10, "timestamp": "2026-06-01T09:23:00+05:30", "direction": "BUY", "trade_id": "T-1D61D099"}, {"symbol": "SBIN", "price": 967.06782, "quantity": 10, "timestamp": "2026-06-01T09:24:00+05:30", "direction": "SELL", "trade_id": "T-DF4F6437"}, {"symbol": "SBIN", "price": 967.832015, "quantity": 10, "timestamp": "2026-06-01T09:25:00+05:30", "direction": "BUY", "trade_id": "T-B8917401"}, {"symbol": "SBIN", "price": 965.9184525000001, "quantity": 10, "timestamp": "2026-06-01T09:26:00+05:30", "direction": "SELL", "trade_id": "T-B079973B"}, {"symbol": "SBIN", "price": 967.13163, "quantity": 10, "timestamp": "2026-06-01T09:27:00+05:30", "direction": "BUY", "trade_id": "T-290000F8"}, {"symbol": "SBIN", "price": 965.2188375, "quantity": 10, "timestamp": "2026-06-01T09:28:00+05:30", "direction": "SELL", "trade_id": "T-2B82B678"}]}, "market_trades": {"SBIN": []}, "positions": {}, "portfolio_value": 99927.6333889598, "cash": 99927.6333889598, "trader_data": "{\"pos\": 10}", "listings": {}, "observations": {}}, "orders_submitted": [{"symbol": "SBIN", "direction": "BUY", "price": 0, "quantity": 10}], "orders_filled": [{"symbol": "SBIN", "direction": "BUY", "price": 966.231135, "qty": 10, "timestamp": "2026-06-01T09:29:00+05:30", "charges": 4.1023661791149}], "strategy_logs": "[{\"type\":\"print\",\"message\":\"Tick | Symbol: SBIN | Pos: 0\\n  -> MARKET BUY 10 units\"}]", "portfolio_value": 99927.6333889598, "cash": 99927.6333889598}
{"step": 15, "timestamp": "2026-06-01T09:30:00+05:30", "state_snapshot": {"timestamp": "2026-06-01T09:30:00+05:30", "order_depths": {"SBIN": {"symbol": "SBIN", "bid_prices": [966.55], "bid_volumes": [100], "ask_prices": [966.64], "ask_volumes": [100]}}, "own_trades": {"SBIN": [{"symbol": "SBIN", "price": 966.7814375, "quantity": 10, "timestamp": "2026-06-01T09:15:00+05:30", "direction": "BUY", "trade_id": "T-81D903F5"}, {"symbol": "SBIN", "price": 964.7191125, "quantity": 10, "timestamp": "2026-06-01T09:16:00+05:30", "direction": "SELL", "trade_id": "T-3E60EA7A"}, {"symbol": "SBIN", "price": 965.2806125, "quantity": 10, "timestamp": "2026-06-01T09:17:00+05:30", "direction": "BUY", "trade_id": "T-741CB8AF"}, {"symbol": "SBIN", "price": 966.46815, "quantity": 10, "timestamp": "2026-06-01T09:18:00+05:30", "direction": "SELL", "trade_id": "T-69203AAE"}, {"symbol": "SBIN", "price": 968.9826475000001, "quantity": 10, "timestamp": "2026-06-01T09:19:00+05:30", "direction": "BUY", "trade_id": "T-C2561905"}, {"symbol": "SBIN", "price": 968.46705, "quantity": 10, "timestamp": "2026-06-01T09:20:00+05:30", "direction": "SELL", "trade_id": "T-43947E06"}, {"symbol": "SBIN", "price": 968.1822075, "quantity": 10, "timestamp": "2026-06-01T09:21:00+05:30", "direction": "BUY", "trade_id": "T-124079BB"}, {"symbol": "SBIN", "price": 967.86738, "quantity": 10, "timestamp": "2026-06-01T09:22:00+05:30", "direction": "SELL", "trade_id": "T-35226458"}, {"symbol": "SBIN", "price": 968.8325649999999, "quantity": 10, "timestamp": "2026-06-01T09:23:00+05:30", "direction": "BUY", "trade_id": "T-1D61D099"}, {"symbol": "SBIN", "price": 967.06782, "quantity": 10, "timestamp": "2026-06-01T09:24:00+05:30", "direction": "SELL", "trade_id": "T-DF4F6437"}, {"symbol": "SBIN", "price": 967.832015, "quantity": 10, "timestamp": "2026-06-01T09:25:00+05:30", "direction": "BUY", "trade_id": "T-B8917401"}, {"symbol": "SBIN", "price": 965.9184525000001, "quantity": 10, "timestamp": "2026-06-01T09:26:00+05:30", "direction": "SELL", "trade_id": "T-B079973B"}, {"symbol": "SBIN", "price": 967.13163, "quantity": 10, "timestamp": "2026-06-01T09:27:00+05:30", "direction": "BUY", "trade_id": "T-290000F8"}, {"symbol": "SBIN", "price": 965.2188375, "quantity": 10, "timestamp": "2026-06-01T09:28:00+05:30", "direction": "SELL", "trade_id": "T-2B82B678"}, {"symbol": "SBIN", "price": 966.231135, "quantity": 10, "timestamp": "2026-06-01T09:29:00+05:30", "direction": "BUY", "trade_id": "T-991C9D20"}]}, "market_trades": {"SBIN": []}, "positions": {"SBIN": {"symbol": "SBIN", "quantity": 10, "avg_price": 966.231135, "realized_pnl": 0.0, "unrealized_pnl": 3.6886500000002798}}, "portfolio_value": 99927.21967278069, "cash": 99923.53102278069, "trader_data": "{\"pos\": 0}", "listings": {}, "observations": {}}, "orders_submitted": [{"symbol": "SBIN", "direction": "SELL", "price": 0, "quantity": 10}], "orders_filled": [{"symbol": "SBIN", "direction": "SELL", "price": 964.7191125, "qty": 10, "timestamp": "2026-06-01T09:30:00+05:30", "charges": 6.218328572205751}], "strategy_logs": "[{\"type\":\"print\",\"message\":\"Tick | Symbol: SBIN | Pos: 10\\n  -> MARKET SELL 10 units\"}]", "portfolio_value": 99927.21967278069, "cash": 99923.53102278069}
{"step": 16, "timestamp": "2026-06-01T09:31:00+05:30", "state_snapshot": {"timestamp": "2026-06-01T09:31:00+05:30", "order_depths": {"SBIN": {"symbol": "SBIN", "bid_prices": [965.45], "bid_volumes": [100], "ask_prices": [965.54], "ask_volumes": [100]}}, "own_trades": {"SBIN": [{"symbol": "SBIN", "price": 966.7814375, "quantity": 10, "timestamp": "2026-06-01T09:15:00+05:30", "direction": "BUY", "trade_id": "T-81D903F5"}, {"symbol": "SBIN", "price": 964.7191125, "quantity": 10, "timestamp": "2026-06-01T09:16:00+05:30", "direction": "SELL", "trade_id": "T-3E60EA7A"}, {"symbol": "SBIN", "price": 965.2806125, "quantity": 10, "timestamp": "2026-06-01T09:17:00+05:30", "direction": "BUY", "trade_id": "T-741CB8AF"}, {"symbol": "SBIN", "price": 966.46815, "quantity": 10, "timestamp": "2026-06-01T09:18:00+05:30", "direction": "SELL", "trade_id": "T-69203AAE"}, {"symbol": "SBIN", "price": 968.9826475000001, "quantity": 10, "timestamp": "2026-06-01T09:19:00+05:30", "direction": "BUY", "trade_id": "T-C2561905"}, {"symbol": "SBIN", "price": 968.46705, "quantity": 10, "timestamp": "2026-06-01T09:20:00+05:30", "direction": "SELL", "trade_id": "T-43947E06"}, {"symbol": "SBIN", "price": 968.1822075, "quantity": 10, "timestamp": "2026-06-01T09:21:00+05:30", "direction": "BUY", "trade_id": "T-124079BB"}, {"symbol": "SBIN", "price": 967.86738, "quantity": 10, "timestamp": "2026-06-01T09:22:00+05:30", "direction": "SELL", "trade_id": "T-35226458"}, {"symbol": "SBIN", "price": 968.8325649999999, "quantity": 10, "timestamp": "2026-06-01T09:23:00+05:30", "direction": "BUY", "trade_id": "T-1D61D099"}, {"symbol": "SBIN", "price": 967.06782, "quantity": 10, "timestamp": "2026-06-01T09:24:00+05:30", "direction": "SELL", "trade_id": "T-DF4F6437"}, {"symbol": "SBIN", "price": 967.832015, "quantity": 10, "timestamp": "2026-06-01T09:25:00+05:30", "direction": "BUY", "trade_id": "T-B8917401"}, {"symbol": "SBIN", "price": 965.9184525000001, "quantity": 10, "timestamp": "2026-06-01T09:26:00+05:30", "direction": "SELL", "trade_id": "T-B079973B"}, {"symbol": "SBIN", "price": 967.13163, "quantity": 10, "timestamp": "2026-06-01T09:27:00+05:30", "direction": "BUY", "trade_id": "T-290000F8"}, {"symbol": "SBIN", "price": 965.2188375, "quantity": 10, "timestamp": "2026-06-01T09:28:00+05:30", "direction": "SELL", "trade_id": "T-2B82B678"}, {"symbol": "SBIN", "price": 966.231135, "quantity": 10, "timestamp": "2026-06-01T09:29:00+05:30", "direction": "BUY", "trade_id": "T-991C9D20"}, {"symbol": "SBIN", "price": 964.7191125, "quantity": 10, "timestamp": "2026-06-01T09:30:00+05:30", "direction": "SELL", "trade_id": "T-0C2BF003"}]}, "market_trades": {"SBIN": []}, "positions": {}, "portfolio_value": 99917.3126942085, "cash": 99917.3126942085, "trader_data": "{\"pos\": 10}", "listings": {}, "observations": {}}, "orders_submitted": [{"symbol": "SBIN", "direction": "BUY", "price": 0, "quantity": 10}], "orders_filled": [{"symbol": "SBIN", "direction": "BUY", "price": 967.431795, "qty": 10, "timestamp": "2026-06-01T09:31:00+05:30", "charges": 4.1074638693033}], "strategy_logs": "[{\"type\":\"print\",\"message\":\"Tick | Symbol: SBIN | Pos: 0\\n  -> MARKET BUY 10 units\"}]", "portfolio_value": 99917.3126942085, "cash": 99917.3126942085}
{"step": 17, "timestamp": "2026-06-01T09:32:00+05:30", "state_snapshot": {"timestamp": "2026-06-01T09:32:00+05:30", "order_depths": {"SBIN": {"symbol": "SBIN", "bid_prices": [965.85], "bid_volumes": [100], "ask_prices": [965.94], "ask_volumes": [100]}}, "own_trades": {"SBIN": [{"symbol": "SBIN", "price": 966.7814375, "quantity": 10, "timestamp": "2026-06-01T09:15:00+05:30", "direction": "BUY", "trade_id": "T-81D903F5"}, {"symbol": "SBIN", "price": 964.7191125, "quantity": 10, "timestamp": "2026-06-01T09:16:00+05:30", "direction": "SELL", "trade_id": "T-3E60EA7A"}, {"symbol": "SBIN", "price": 965.2806125, "quantity": 10, "timestamp": "2026-06-01T09:17:00+05:30", "direction": "BUY", "trade_id": "T-741CB8AF"}, {"symbol": "SBIN", "price": 966.46815, "quantity": 10, "timestamp": "2026-06-01T09:18:00+05:30", "direction": "SELL", "trade_id": "T-69203AAE"}, {"symbol": "SBIN", "price": 968.9826475000001, "quantity": 10, "timestamp": "2026-06-01T09:19:00+05:30", "direction": "BUY", "trade_id": "T-C2561905"}, {"symbol": "SBIN", "price": 968.46705, "quantity": 10, "timestamp": "2026-06-01T09:20:00+05:30", "direction": "SELL", "trade_id": "T-43947E06"}, {"symbol": "SBIN", "price": 968.1822075, "quantity": 10, "timestamp": "2026-06-01T09:21:00+05:30", "direction": "BUY", "trade_id": "T-124079BB"}, {"symbol": "SBIN", "price": 967.86738, "quantity": 10, "timestamp": "2026-06-01T09:22:00+05:30", "direction": "SELL", "trade_id": "T-35226458"}, {"symbol": "SBIN", "price": 968.8325649999999, "quantity": 10, "timestamp": "2026-06-01T09:23:00+05:30", "direction": "BUY", "trade_id": "T-1D61D099"}, {"symbol": "SBIN", "price": 967.06782, "quantity": 10, "timestamp": "2026-06-01T09:24:00+05:30", "direction": "SELL", "trade_id": "T-DF4F6437"}, {"symbol": "SBIN", "price": 967.832015, "quantity": 10, "timestamp": "2026-06-01T09:25:00+05:30", "direction": "BUY", "trade_id": "T-B8917401"}, {"symbol": "SBIN", "price": 965.9184525000001, "quantity": 10, "timestamp": "2026-06-01T09:26:00+05:30", "direction": "SELL", "trade_id": "T-B079973B"}, {"symbol": "SBIN", "price": 967.13163, "quantity": 10, "timestamp": "2026-06-01T09:27:00+05:30", "direction": "BUY", "trade_id": "T-290000F8"}, {"symbol": "SBIN", "price": 965.2188375, "quantity": 10, "timestamp": "2026-06-01T09:28:00+05:30", "direction": "SELL", "trade_id": "T-2B82B678"}, {"symbol": "SBIN", "price": 966.231135, "quantity": 10, "timestamp": "2026-06-01T09:29:00+05:30", "direction": "BUY", "trade_id": "T-991C9D20"}, {"symbol": "SBIN", "price": 964.7191125, "quantity": 10, "timestamp": "2026-06-01T09:30:00+05:30", "direction": "SELL", "trade_id": "T-0C2BF003"}, {"symbol": "SBIN", "price": 967.431795, "quantity": 10, "timestamp": "2026-06-01T09:31:00+05:30", "direction": "BUY", "trade_id": "T-B1C26B4D"}]}, "market_trades": {"SBIN": []}, "positions": {"SBIN": {"symbol": "SBIN", "quantity": 10, "avg_price": 967.4317950000001, "realized_pnl": 0.0, "unrealized_pnl": -15.31795000000102}}, "portfolio_value": 99897.88728033919, "cash": 99913.20523033918, "trader_data": "{\"pos\": 0}", "listings": {}, "observations": {}}, "orders_submitted": [{"symbol": "SBIN", "direction": "SELL", "price": 0, "quantity": 10}], "orders_filled": [{"symbol": "SBIN", "direction": "SELL", "price": 965.2688099999999, "qty": 10, "timestamp": "2026-06-01T09:32:00+05:30", "charges": 6.2218717793693985}], "strategy_logs": "[{\"type\":\"print\",\"message\":\"Tick | Symbol: SBIN | Pos: 10\\n  -> MARKET SELL 10 units\"}]", "portfolio_value": 99897.88728033919, "cash": 99913.20523033918}
{"step": 18, "timestamp": "2026-06-01T09:33:00+05:30", "state_snapshot": {"timestamp": "2026-06-01T09:33:00+05:30", "order_depths": {"SBIN": {"symbol": "SBIN", "bid_prices": [965.6], "bid_volumes": [100], "ask_prices": [965.69], "ask_volumes": [100]}}, "own_trades": {"SBIN": [{"symbol": "SBIN", "price": 966.7814375, "quantity": 10, "timestamp": "2026-06-01T09:15:00+05:30", "direction": "BUY", "trade_id": "T-81D903F5"}, {"symbol": "SBIN", "price": 964.7191125, "quantity": 10, "timestamp": "2026-06-01T09:16:00+05:30", "direction": "SELL", "trade_id": "T-3E60EA7A"}, {"symbol": "SBIN", "price": 965.2806125, "quantity": 10, "timestamp": "2026-06-01T09:17:00+05:30", "direction": "BUY", "trade_id": "T-741CB8AF"}, {"symbol": "SBIN", "price": 966.46815, "quantity": 10, "timestamp": "2026-06-01T09:18:00+05:30", "direction": "SELL", "trade_id": "T-69203AAE"}, {"symbol": "SBIN", "price": 968.9826475000001, "quantity": 10, "timestamp": "2026-06-01T09:19:00+05:30", "direction": "BUY", "trade_id": "T-C2561905"}, {"symbol": "SBIN", "price": 968.46705, "quantity": 10, "timestamp": "2026-06-01T09:20:00+05:30", "direction": "SELL", "trade_id": "T-43947E06"}, {"symbol": "SBIN", "price": 968.1822075, "quantity": 10, "timestamp": "2026-06-01T09:21:00+05:30", "direction": "BUY", "trade_id": "T-124079BB"}, {"symbol": "SBIN", "price": 967.86738, "quantity": 10, "timestamp": "2026-06-01T09:22:00+05:30", "direction": "SELL", "trade_id": "T-35226458"}, {"symbol": "SBIN", "price": 968.8325649999999, "quantity": 10, "timestamp": "2026-06-01T09:23:00+05:30", "direction": "BUY", "trade_id": "T-1D61D099"}, {"symbol": "SBIN", "price": 967.06782, "quantity": 10, "timestamp": "2026-06-01T09:24:00+05:30", "direction": "SELL", "trade_id": "T-DF4F6437"}, {"symbol": "SBIN", "price": 967.832015, "quantity": 10, "timestamp": "2026-06-01T09:25:00+05:30", "direction": "BUY", "trade_id": "T-B8917401"}, {"symbol": "SBIN", "price": 965.9184525000001, "quantity": 10, "timestamp": "2026-06-01T09:26:00+05:30", "direction": "SELL", "trade_id": "T-B079973B"}, {"symbol": "SBIN", "price": 967.13163, "quantity": 10, "timestamp": "2026-06-01T09:27:00+05:30", "direction": "BUY", "trade_id": "T-290000F8"}, {"symbol": "SBIN", "price": 965.2188375, "quantity": 10, "timestamp": "2026-06-01T09:28:00+05:30", "direction": "SELL", "trade_id": "T-2B82B678"}, {"symbol": "SBIN", "price": 966.231135, "quantity": 10, "timestamp": "2026-06-01T09:29:00+05:30", "direction": "BUY", "trade_id": "T-991C9D20"}, {"symbol": "SBIN", "price": 964.7191125, "quantity": 10, "timestamp": "2026-06-01T09:30:00+05:30", "direction": "SELL", "trade_id": "T-0C2BF003"}, {"symbol": "SBIN", "price": 967.431795, "quantity": 10, "timestamp": "2026-06-01T09:31:00+05:30", "direction": "BUY", "trade_id": "T-B1C26B4D"}, {"symbol": "SBIN", "price": 965.2688099999999, "quantity": 10, "timestamp": "2026-06-01T09:32:00+05:30", "direction": "SELL", "trade_id": "T-70C95EB5"}]}, "market_trades": {"SBIN": []}, "positions": {}, "portfolio_value": 99906.98335855981, "cash": 99906.98335855981, "trader_data": "{\"pos\": 10}", "listings": {}, "observations": {}}, "orders_submitted": [{"symbol": "SBIN", "direction": "BUY", "price": 0, "quantity": 10}], "orders_filled": [{"symbol": "SBIN", "direction": "BUY", "price": 966.2811625, "qty": 10, "timestamp": "2026-06-01T09:33:00+05:30", "charges": 4.1025785828727495}], "strategy_logs": "[{\"type\":\"print\",\"message\":\"Tick | Symbol: SBIN | Pos: 0\\n  -> MARKET BUY 10 units\"}]", "portfolio_value": 99906.98335855981, "cash": 99906.98335855981}
{"step": 19, "timestamp": "2026-06-01T09:34:00+05:30", "state_snapshot": {"timestamp": "2026-06-01T09:34:00+05:30", "order_depths": {"SBIN": {"symbol": "SBIN", "bid_prices": [965.1], "bid_volumes": [100], "ask_prices": [965.19], "ask_volumes": [100]}}, "own_trades": {"SBIN": [{"symbol": "SBIN", "price": 966.7814375, "quantity": 10, "timestamp": "2026-06-01T09:15:00+05:30", "direction": "BUY", "trade_id": "T-81D903F5"}, {"symbol": "SBIN", "price": 964.7191125, "quantity": 10, "timestamp": "2026-06-01T09:16:00+05:30", "direction": "SELL", "trade_id": "T-3E60EA7A"}, {"symbol": "SBIN", "price": 965.2806125, "quantity": 10, "timestamp": "2026-06-01T09:17:00+05:30", "direction": "BUY", "trade_id": "T-741CB8AF"}, {"symbol": "SBIN", "price": 966.46815, "quantity": 10, "timestamp": "2026-06-01T09:18:00+05:30", "direction": "SELL", "trade_id": "T-69203AAE"}, {"symbol": "SBIN", "price": 968.9826475000001, "quantity": 10, "timestamp": "2026-06-01T09:19:00+05:30", "direction": "BUY", "trade_id": "T-C2561905"}, {"symbol": "SBIN", "price": 968.46705, "quantity": 10, "timestamp": "2026-06-01T09:20:00+05:30", "direction": "SELL", "trade_id": "T-43947E06"}, {"symbol": "SBIN", "price": 968.1822075, "quantity": 10, "timestamp": "2026-06-01T09:21:00+05:30", "direction": "BUY", "trade_id": "T-124079BB"}, {"symbol": "SBIN", "price": 967.86738, "quantity": 10, "timestamp": "2026-06-01T09:22:00+05:30", "direction": "SELL", "trade_id": "T-35226458"}, {"symbol": "SBIN", "price": 968.8325649999999, "quantity": 10, "timestamp": "2026-06-01T09:23:00+05:30", "direction": "BUY", "trade_id": "T-1D61D099"}, {"symbol": "SBIN", "price": 967.06782, "quantity": 10, "timestamp": "2026-06-01T09:24:00+05:30", "direction": "SELL", "trade_id": "T-DF4F6437"}, {"symbol": "SBIN", "price": 967.832015, "quantity": 10, "timestamp": "2026-06-01T09:25:00+05:30", "direction": "BUY", "trade_id": "T-B8917401"}, {"symbol": "SBIN", "price": 965.9184525000001, "quantity": 10, "timestamp": "2026-06-01T09:26:00+05:30", "direction": "SELL", "trade_id": "T-B079973B"}, {"symbol": "SBIN", "price": 967.13163, "quantity": 10, "timestamp": "2026-06-01T09:27:00+05:30", "direction": "BUY", "trade_id": "T-290000F8"}, {"symbol": "SBIN", "price": 965.2188375, "quantity": 10, "timestamp": "2026-06-01T09:28:00+05:30", "direction": "SELL", "trade_id": "T-2B82B678"}, {"symbol": "SBIN", "price": 966.231135, "quantity": 10, "timestamp": "2026-06-01T09:29:00+05:30", "direction": "BUY", "trade_id": "T-991C9D20"}, {"symbol": "SBIN", "price": 964.7191125, "quantity": 10, "timestamp": "2026-06-01T09:30:00+05:30", "direction": "SELL", "trade_id": "T-0C2BF003"}, {"symbol": "SBIN", "price": 967.431795, "quantity": 10, "timestamp": "2026-06-01T09:31:00+05:30", "direction": "BUY", "trade_id": "T-B1C26B4D"}, {"symbol": "SBIN", "price": 965.2688099999999, "quantity": 10, "timestamp": "2026-06-01T09:32:00+05:30", "direction": "SELL", "trade_id": "T-70C95EB5"}, {"symbol": "SBIN", "price": 966.2811625, "quantity": 10, "timestamp": "2026-06-01T09:33:00+05:30", "direction": "BUY", "trade_id": "T-27B8845E"}]}, "market_trades": {"SBIN": []}, "positions": {"SBIN": {"symbol": "SBIN", "quantity": 10, "avg_price": 966.2811625, "realized_pnl": 0.0, "unrealized_pnl": -11.311625000000731}}, "portfolio_value": 99891.56915497694, "cash": 99902.88077997694, "trader_data": "{\"pos\": 0}", "listings": {}, "observations": {}}, "orders_submitted": [{"symbol": "SBIN", "direction": "SELL", "price": 0, "quantity": 10}], "orders_filled": [{"symbol": "SBIN", "direction": "SELL", "price": 965.368755, "qty": 10, "timestamp": "2026-06-01T09:34:00+05:30", "charges": 6.222515998853698}], "strategy_logs": "[{\"type\":\"print\",\"message\":\"Tick | Symbol: SBIN | Pos: 10\\n  -> MARKET SELL 10 units\"}]", "portfolio_value": 99891.56915497694, "cash": 99902.88077997694}
{"step": 20, "timestamp": "2026-06-01T09:35:00+05:30", "state_snapshot": {"timestamp": "2026-06-01T09:35:00+05:30", "order_depths": {"SBIN": {"symbol": "SBIN", "bid_prices": [964.9], "bid_volumes": [100], "ask_prices": [964.99], "ask_volumes": [100]}}, "own_trades": {"SBIN": [{"symbol": "SBIN", "price": 966.7814375, "quantity": 10, "timestamp": "2026-06-01T09:15:00+05:30", "direction": "BUY", "trade_id": "T-81D903F5"}, {"symbol": "SBIN", "price": 964.7191125, "quantity": 10, "timestamp": "2026-06-01T09:16:00+05:30", "direction": "SELL", "trade_id": "T-3E60EA7A"}, {"symbol": "SBIN", "price": 965.2806125, "quantity": 10, "timestamp": "2026-06-01T09:17:00+05:30", "direction": "BUY", "trade_id": "T-741CB8AF"}, {"symbol": "SBIN", "price": 966.46815, "quantity": 10, "timestamp": "2026-06-01T09:18:00+05:30", "direction": "SELL", "trade_id": "T-69203AAE"}, {"symbol": "SBIN", "price": 968.9826475000001, "quantity": 10, "timestamp": "2026-06-01T09:19:00+05:30", "direction": "BUY", "trade_id": "T-C2561905"}, {"symbol": "SBIN", "price": 968.46705, "quantity": 10, "timestamp": "2026-06-01T09:20:00+05:30", "direction": "SELL", "trade_id": "T-43947E06"}, {"symbol": "SBIN", "price": 968.1822075, "quantity": 10, "timestamp": "2026-06-01T09:21:00+05:30", "direction": "BUY", "trade_id": "T-124079BB"}, {"symbol": "SBIN", "price": 967.86738, "quantity": 10, "timestamp": "2026-06-01T09:22:00+05:30", "direction": "SELL", "trade_id": "T-35226458"}, {"symbol": "SBIN", "price": 968.8325649999999, "quantity": 10, "timestamp": "2026-06-01T09:23:00+05:30", "direction": "BUY", "trade_id": "T-1D61D099"}, {"symbol": "SBIN", "price": 967.06782, "quantity": 10, "timestamp": "2026-06-01T09:24:00+05:30", "direction": "SELL", "trade_id": "T-DF4F6437"}, {"symbol": "SBIN", "price": 967.832015, "quantity": 10, "timestamp": "2026-06-01T09:25:00+05:30", "direction": "BUY", "trade_id": "T-B8917401"}, {"symbol": "SBIN", "price": 965.9184525000001, "quantity": 10, "timestamp": "2026-06-01T09:26:00+05:30", "direction": "SELL", "trade_id": "T-B079973B"}, {"symbol": "SBIN", "price": 967.13163, "quantity": 10, "timestamp": "2026-06-01T09:27:00+05:30", "direction": "BUY", "trade_id": "T-290000F8"}, {"symbol": "SBIN", "price": 965.2188375, "quantity": 10, "timestamp": "2026-06-01T09:28:00+05:30", "direction": "SELL", "trade_id": "T-2B82B678"}, {"symbol": "SBIN", "price": 966.231135, "quantity": 10, "timestamp": "2026-06-01T09:29:00+05:30", "direction": "BUY", "trade_id": "T-991C9D20"}, {"symbol": "SBIN", "price": 964.7191125, "quantity": 10, "timestamp": "2026-06-01T09:30:00+05:30", "direction": "SELL", "trade_id": "T-0C2BF003"}, {"symbol": "SBIN", "price": 967.431795, "quantity": 10, "timestamp": "2026-06-01T09:31:00+05:30", "direction": "BUY", "trade_id": "T-B1C26B4D"}, {"symbol": "SBIN", "price": 965.2688099999999, "quantity": 10, "timestamp": "2026-06-01T09:32:00+05:30", "direction": "SELL", "trade_id": "T-70C95EB5"}, {"symbol": "SBIN", "price": 966.2811625, "quantity": 10, "timestamp": "2026-06-01T09:33:00+05:30", "direction": "BUY", "trade_id": "T-27B8845E"}, {"symbol": "SBIN", "price": 965.368755, "quantity": 10, "timestamp": "2026-06-01T09:34:00+05:30", "direction": "SELL", "trade_id": "T-84D94367"}]}, "market_trades": {"SBIN": []}, "positions": {}, "portfolio_value": 99896.65826397808, "cash": 99896.65826397808, "trader_data": "{\"pos\": 10}", "listings": {}, "observations": {}}, "orders_submitted": [{"symbol": "SBIN", "direction": "BUY", "price": 0, "quantity": 10}], "orders_filled": [{"symbol": "SBIN", "direction": "BUY", "price": 966.0810524999999, "qty": 10, "timestamp": "2026-06-01T09:35:00+05:30", "charges": 4.101728967841349}], "strategy_logs": "[{\"type\":\"print\",\"message\":\"Tick | Symbol: SBIN | Pos: 0\\n  -> MARKET BUY 10 units\"}]", "portfolio_value": 99896.65826397808, "cash": 99896.65826397808}
{"step": 21, "timestamp": "2026-06-01T09:36:00+05:30", "state_snapshot": {"timestamp": "2026-06-01T09:36:00+05:30", "order_depths": {"SBIN": {"symbol": "SBIN", "bid_prices": [964.4], "bid_volumes": [100], "ask_prices": [964.49], "ask_volumes": [100]}}, "own_trades": {"SBIN": [{"symbol": "SBIN", "price": 966.7814375, "quantity": 10, "timestamp": "2026-06-01T09:15:00+05:30", "direction": "BUY", "trade_id": "T-81D903F5"}, {"symbol": "SBIN", "price": 964.7191125, "quantity": 10, "timestamp": "2026-06-01T09:16:00+05:30", "direction": "SELL", "trade_id": "T-3E60EA7A"}, {"symbol": "SBIN", "price": 965.2806125, "quantity": 10, "timestamp": "2026-06-01T09:17:00+05:30", "direction": "BUY", "trade_id": "T-741CB8AF"}, {"symbol": "SBIN", "price": 966.46815, "quantity": 10, "timestamp": "2026-06-01T09:18:00+05:30", "direction": "SELL", "trade_id": "T-69203AAE"}, {"symbol": "SBIN", "price": 968.9826475000001, "quantity": 10, "timestamp": "2026-06-01T09:19:00+05:30", "direction": "BUY", "trade_id": "T-C2561905"}, {"symbol": "SBIN", "price": 968.46705, "quantity": 10, "timestamp": "2026-06-01T09:20:00+05:30", "direction": "SELL", "trade_id": "T-43947E06"}, {"symbol": "SBIN", "price": 968.1822075, "quantity": 10, "timestamp": "2026-06-01T09:21:00+05:30", "direction": "BUY", "trade_id": "T-124079BB"}, {"symbol": "SBIN", "price": 967.86738, "quantity": 10, "timestamp": "2026-06-01T09:22:00+05:30", "direction": "SELL", "trade_id": "T-35226458"}, {"symbol": "SBIN", "price": 968.8325649999999, "quantity": 10, "timestamp": "2026-06-01T09:23:00+05:30", "direction": "BUY", "trade_id": "T-1D61D099"}, {"symbol": "SBIN", "price": 967.06782, "quantity": 10, "timestamp": "2026-06-01T09:24:00+05:30", "direction": "SELL", "trade_id": "T-DF4F6437"}, {"symbol": "SBIN", "price": 967.832015, "quantity": 10, "timestamp": "2026-06-01T09:25:00+05:30", "direction": "BUY", "trade_id": "T-B8917401"}, {"symbol": "SBIN", "price": 965.9184525000001, "quantity": 10, "timestamp": "2026-06-01T09:26:00+05:30", "direction": "SELL", "trade_id": "T-B079973B"}, {"symbol": "SBIN", "price": 967.13163, "quantity": 10, "timestamp": "2026-06-01T09:27:00+05:30", "direction": "BUY", "trade_id": "T-290000F8"}, {"symbol": "SBIN", "price": 965.2188375, "quantity": 10, "timestamp": "2026-06-01T09:28:00+05:30", "direction": "SELL", "trade_id": "T-2B82B678"}, {"symbol": "SBIN", "price": 966.231135, "quantity": 10, "timestamp": "2026-06-01T09:29:00+05:30", "direction": "BUY", "trade_id": "T-991C9D20"}, {"symbol": "SBIN", "price": 964.7191125, "quantity": 10, "timestamp": "2026-06-01T09:30:00+05:30", "direction": "SELL", "trade_id": "T-0C2BF003"}, {"symbol": "SBIN", "price": 967.431795, "quantity": 10, "timestamp": "2026-06-01T09:31:00+05:30", "direction": "BUY", "trade_id": "T-B1C26B4D"}, {"symbol": "SBIN", "price": 965.2688099999999, "quantity": 10, "timestamp": "2026-06-01T09:32:00+05:30", "direction": "SELL", "trade_id": "T-70C95EB5"}, {"symbol": "SBIN", "price": 966.2811625, "quantity": 10, "timestamp": "2026-06-01T09:33:00+05:30", "direction": "BUY", "trade_id": "T-27B8845E"}, {"symbol": "SBIN", "price": 965.368755, "quantity": 10, "timestamp": "2026-06-01T09:34:00+05:30", "direction": "SELL", "trade_id": "T-84D94367"}, {"symbol": "SBIN", "price": 966.0810524999999, "quantity": 10, "timestamp": "2026-06-01T09:35:00+05:30", "direction": "BUY", "trade_id": "T-607892C0"}]}, "market_trades": {"SBIN": []}, "positions": {"SBIN": {"symbol": "SBIN", "quantity": 10, "avg_price": 966.0810524999999, "realized_pnl": 0.0, "unrealized_pnl": -16.31052499999896}}, "portfolio_value": 99876.24601001025, "cash": 99892.55653501024, "trader_data": "{\"pos\": 0}", "listings": {}, "observations": {}}, "orders_submitted": [{"symbol": "SBIN", "direction": "SELL", "price": 0, "quantity": 10}], "orders_filled": [{"symbol": "SBIN", "direction": "SELL", "price": 964.4192775, "qty": 10, "timestamp": "2026-06-01T09:36:00+05:30", "charges": 6.21639591375285}], "strategy_logs": "[{\"type\":\"print\",\"message\":\"Tick | Symbol: SBIN | Pos: 10\\n  -> MARKET SELL 10 units\"}]", "portfolio_value": 99876.24601001025, "cash": 99892.55653501024}
{"step": 22, "timestamp": "2026-06-01T09:37:00+05:30", "state_snapshot": {"timestamp": "2026-06-01T09:37:00+05:30", "order_depths": {"SBIN": {"symbol": "SBIN", "bid_prices": [963.95], "bid_volumes": [100], "ask_prices": [964.04], "ask_volumes": [100]}}, "own_trades": {"SBIN": [{"symbol": "SBIN", "price": 966.7814375, "quantity": 10, "timestamp": "2026-06-01T09:15:00+05:30", "direction": "BUY", "trade_id": "T-81D903F5"}, {"symbol": "SBIN", "price": 964.7191125, "quantity": 10, "timestamp": "2026-06-01T09:16:00+05:30", "direction": "SELL", "trade_id": "T-3E60EA7A"}, {"symbol": "SBIN", "price": 965.2806125, "quantity": 10, "timestamp": "2026-06-01T09:17:00+05:30", "direction": "BUY", "trade_id": "T-741CB8AF"}, {"symbol": "SBIN", "price": 966.46815, "quantity": 10, "timestamp": "2026-06-01T09:18:00+05:30", "direction": "SELL", "trade_id": "T-69203AAE"}, {"symbol": "SBIN", "price": 968.9826475000001, "quantity": 10, "timestamp": "2026-06-01T09:19:00+05:30", "direction": "BUY", "trade_id": "T-C2561905"}, {"symbol": "SBIN", "price": 968.46705, "quantity": 10, "timestamp": "2026-06-01T09:20:00+05:30", "direction": "SELL", "trade_id": "T-43947E06"}, {"symbol": "SBIN", "price": 968.1822075, "quantity": 10, "timestamp": "2026-06-01T09:21:00+05:30", "direction": "BUY", "trade_id": "T-124079BB"}, {"symbol": "SBIN", "price": 967.86738, "quantity": 10, "timestamp": "2026-06-01T09:22:00+05:30", "direction": "SELL", "trade_id": "T-35226458"}, {"symbol": "SBIN", "price": 968.8325649999999, "quantity": 10, "timestamp": "2026-06-01T09:23:00+05:30", "direction": "BUY", "trade_id": "T-1D61D099"}, {"symbol": "SBIN", "price": 967.06782, "quantity": 10, "timestamp": "2026-06-01T09:24:00+05:30", "direction": "SELL", "trade_id": "T-DF4F6437"}, {"symbol": "SBIN", "price": 967.832015, "quantity": 10, "timestamp": "2026-06-01T09:25:00+05:30", "direction": "BUY", "trade_id": "T-B8917401"}, {"symbol": "SBIN", "price": 965.9184525000001, "quantity": 10, "timestamp": "2026-06-01T09:26:00+05:30", "direction": "SELL", "trade_id": "T-B079973B"}, {"symbol": "SBIN", "price": 967.13163, "quantity": 10, "timestamp": "2026-06-01T09:27:00+05:30", "direction": "BUY", "trade_id": "T-290000F8"}, {"symbol": "SBIN", "price": 965.2188375, "quantity": 10, "timestamp": "2026-06-01T09:28:00+05:30", "direction": "SELL", "trade_id": "T-2B82B678"}, {"symbol": "SBIN", "price": 966.231135, "quantity": 10, "timestamp": "2026-06-01T09:29:00+05:30", "direction": "BUY", "trade_id": "T-991C9D20"}, {"symbol": "SBIN", "price": 964.7191125, "quantity": 10, "timestamp": "2026-06-01T09:30:00+05:30", "direction": "SELL", "trade_id": "T-0C2BF003"}, {"symbol": "SBIN", "price": 967.431795, "quantity": 10, "timestamp": "2026-06-01T09:31:00+05:30", "direction": "BUY", "trade_id": "T-B1C26B4D"}, {"symbol": "SBIN", "price": 965.2688099999999, "quantity": 10, "timestamp": "2026-06-01T09:32:00+05:30", "direction": "SELL", "trade_id": "T-70C95EB5"}, {"symbol": "SBIN", "price": 966.2811625, "quantity": 10, "timestamp": "2026-06-01T09:33:00+05:30", "direction": "BUY", "trade_id": "T-27B8845E"}, {"symbol": "SBIN", "price": 965.368755, "quantity": 10, "timestamp": "2026-06-01T09:34:00+05:30", "direction": "SELL", "trade_id": "T-84D94367"}, {"symbol": "SBIN", "price": 966.0810524999999, "quantity": 10, "timestamp": "2026-06-01T09:35:00+05:30", "direction": "BUY", "trade_id": "T-607892C0"}, {"symbol": "SBIN", "price": 964.4192775, "quantity": 10, "timestamp": "2026-06-01T09:36:00+05:30", "direction": "SELL", "trade_id": "T-E7286275"}]}, "market_trades": {"SBIN": []}, "positions": {}, "portfolio_value": 99886.34013909649, "cash": 99886.34013909649, "trader_data": "{\"pos\": 10}", "listings": {}, "observations": {}}, "orders_submitted": [{"symbol": "SBIN", "direction": "BUY", "price": 0, "quantity": 10}], "orders_filled": [{"symbol": "SBIN", "direction": "BUY", "price": 964.9804475000001, "qty": 10, "timestamp": "2026-06-01T09:37:00+05:30", "charges": 4.09705608516865}], "strategy_logs": "[{\"type\":\"print\",\"message\":\"Tick | Symbol: SBIN | Pos: 0\\n  -> MARKET BUY 10 units\"}]", "portfolio_value": 99886.34013909649, "cash": 99886.34013909649}
{"step": 23, "timestamp": "2026-06-01T09:38:00+05:30", "state_snapshot": {"timestamp": "2026-06-01T09:38:00+05:30", "order_depths": {"SBIN": {"symbol": "SBIN", "bid_prices": [965.05], "bid_volumes": [100], "ask_prices": [965.14], "ask_volumes": [100]}}, "own_trades": {"SBIN": [{"symbol": "SBIN", "price": 966.7814375, "quantity": 10, "timestamp": "2026-06-01T09:15:00+05:30", "direction": "BUY", "trade_id": "T-81D903F5"}, {"symbol": "SBIN", "price": 964.7191125, "quantity": 10, "timestamp": "2026-06-01T09:16:00+05:30", "direction": "SELL", "trade_id": "T-3E60EA7A"}, {"symbol": "SBIN", "price": 965.2806125, "quantity": 10, "timestamp": "2026-06-01T09:17:00+05:30", "direction": "BUY", "trade_id": "T-741CB8AF"}, {"symbol": "SBIN", "price": 966.46815, "quantity": 10, "timestamp": "2026-06-01T09:18:00+05:30", "direction": "SELL", "trade_id": "T-69203AAE"}, {"symbol": "SBIN", "price": 968.9826475000001, "quantity": 10, "timestamp": "2026-06-01T09:19:00+05:30", "direction": "BUY", "trade_id": "T-C2561905"}, {"symbol": "SBIN", "price": 968.46705, "quantity": 10, "timestamp": "2026-06-01T09:20:00+05:30", "direction": "SELL", "trade_id": "T-43947E06"}, {"symbol": "SBIN", "price": 968.1822075, "quantity": 10, "timestamp": "2026-06-01T09:21:00+05:30", "direction": "BUY", "trade_id": "T-124079BB"}, {"symbol": "SBIN", "price": 967.86738, "quantity": 10, "timestamp": "2026-06-01T09:22:00+05:30", "direction": "SELL", "trade_id": "T-35226458"}, {"symbol": "SBIN", "price": 968.8325649999999, "quantity": 10, "timestamp": "2026-06-01T09:23:00+05:30", "direction": "BUY", "trade_id": "T-1D61D099"}, {"symbol": "SBIN", "price": 967.06782, "quantity": 10, "timestamp": "2026-06-01T09:24:00+05:30", "direction": "SELL", "trade_id": "T-DF4F6437"}, {"symbol": "SBIN", "price": 967.832015, "quantity": 10, "timestamp": "2026-06-01T09:25:00+05:30", "direction": "BUY", "trade_id": "T-B8917401"}, {"symbol": "SBIN", "price": 965.9184525000001, "quantity": 10, "timestamp": "2026-06-01T09:26:00+05:30", "direction": "SELL", "trade_id": "T-B079973B"}, {"symbol": "SBIN", "price": 967.13163, "quantity": 10, "timestamp": "2026-06-01T09:27:00+05:30", "direction": "BUY", "trade_id": "T-290000F8"}, {"symbol": "SBIN", "price": 965.2188375, "quantity": 10, "timestamp": "2026-06-01T09:28:00+05:30", "direction": "SELL", "trade_id": "T-2B82B678"}, {"symbol": "SBIN", "price": 966.231135, "quantity": 10, "timestamp": "2026-06-01T09:29:00+05:30", "direction": "BUY", "trade_id": "T-991C9D20"}, {"symbol": "SBIN", "price": 964.7191125, "quantity": 10, "timestamp": "2026-06-01T09:30:00+05:30", "direction": "SELL", "trade_id": "T-0C2BF003"}, {"symbol": "SBIN", "price": 967.431795, "quantity": 10, "timestamp": "2026-06-01T09:31:00+05:30", "direction": "BUY", "trade_id": "T-B1C26B4D"}, {"symbol": "SBIN", "price": 965.2688099999999, "quantity": 10, "timestamp": "2026-06-01T09:32:00+05:30", "direction": "SELL", "trade_id": "T-70C95EB5"}, {"symbol": "SBIN", "price": 966.2811625, "quantity": 10, "timestamp": "2026-06-01T09:33:00+05:30", "direction": "BUY", "trade_id": "T-27B8845E"}, {"symbol": "SBIN", "price": 965.368755, "quantity": 10, "timestamp": "2026-06-01T09:34:00+05:30", "direction": "SELL", "trade_id": "T-84D94367"}, {"symbol": "SBIN", "price": 966.0810524999999, "quantity": 10, "timestamp": "2026-06-01T09:35:00+05:30", "direction": "BUY", "trade_id": "T-607892C0"}, {"symbol": "SBIN", "price": 964.4192775, "quantity": 10, "timestamp": "2026-06-01T09:36:00+05:30", "direction": "SELL", "trade_id": "T-E7286275"}, {"symbol": "SBIN", "price": 964.9804475000001, "quantity": 10, "timestamp": "2026-06-01T09:37:00+05:30", "direction": "BUY", "trade_id": "T-9FE3D877"}]}, "market_trades": {"SBIN": []}, "positions": {"SBIN": {"symbol": "SBIN", "quantity": 10, "avg_price": 964.9804475000001, "realized_pnl": 0.0, "unrealized_pnl": 1.1955249999994066}}, "portfolio_value": 99883.43860801132, "cash": 99882.24308301132, "trader_data": "{\"pos\": 0}", "listings": {}, "observations": {}}, "orders_submitted": [{"symbol": "SBIN", "direction": "SELL", "price": 0, "quantity": 10}], "orders_filled": [{"symbol": "SBIN", "direction": "SELL", "price": 963.4698, "qty": 10, "timestamp": "2026-06-01T09:38:00+05:30", "charges": 6.210275828652}], "strategy_logs": "[{\"type\":\"print\",\"message\":\"Tick | Symbol: SBIN | Pos: 10\\n  -> MARKET SELL 10 units\"}]", "portfolio_value": 99883.43860801132, "cash": 99882.24308301132}
{"step": 24, "timestamp": "2026-06-01T09:39:00+05:30", "state_snapshot": {"timestamp": "2026-06-01T09:39:00+05:30", "order_depths": {"SBIN": {"symbol": "SBIN", "bid_prices": [966.35], "bid_volumes": [100], "ask_prices": [966.44], "ask_volumes": [100]}}, "own_trades": {"SBIN": [{"symbol": "SBIN", "price": 966.7814375, "quantity": 10, "timestamp": "2026-06-01T09:15:00+05:30", "direction": "BUY", "trade_id": "T-81D903F5"}, {"symbol": "SBIN", "price": 964.7191125, "quantity": 10, "timestamp": "2026-06-01T09:16:00+05:30", "direction": "SELL", "trade_id": "T-3E60EA7A"}, {"symbol": "SBIN", "price": 965.2806125, "quantity": 10, "timestamp": "2026-06-01T09:17:00+05:30", "direction": "BUY", "trade_id": "T-741CB8AF"}, {"symbol": "SBIN", "price": 966.46815, "quantity": 10, "timestamp": "2026-06-01T09:18:00+05:30", "direction": "SELL", "trade_id": "T-69203AAE"}, {"symbol": "SBIN", "price": 968.9826475000001, "quantity": 10, "timestamp": "2026-06-01T09:19:00+05:30", "direction": "BUY", "trade_id": "T-C2561905"}, {"symbol": "SBIN", "price": 968.46705, "quantity": 10, "timestamp": "2026-06-01T09:20:00+05:30", "direction": "SELL", "trade_id": "T-43947E06"}, {"symbol": "SBIN", "price": 968.1822075, "quantity": 10, "timestamp": "2026-06-01T09:21:00+05:30", "direction": "BUY", "trade_id": "T-124079BB"}, {"symbol": "SBIN", "price": 967.86738, "quantity": 10, "timestamp": "2026-06-01T09:22:00+05:30", "direction": "SELL", "trade_id": "T-35226458"}, {"symbol": "SBIN", "price": 968.8325649999999, "quantity": 10, "timestamp": "2026-06-01T09:23:00+05:30", "direction": "BUY", "trade_id": "T-1D61D099"}, {"symbol": "SBIN", "price": 967.06782, "quantity": 10, "timestamp": "2026-06-01T09:24:00+05:30", "direction": "SELL", "trade_id": "T-DF4F6437"}, {"symbol": "SBIN", "price": 967.832015, "quantity": 10, "timestamp": "2026-06-01T09:25:00+05:30", "direction": "BUY", "trade_id": "T-B8917401"}, {"symbol": "SBIN", "price": 965.9184525000001, "quantity": 10, "timestamp": "2026-06-01T09:26:00+05:30", "direction": "SELL", "trade_id": "T-B079973B"}, {"symbol": "SBIN", "price": 967.13163, "quantity": 10, "timestamp": "2026-06-01T09:27:00+05:30", "direction": "BUY", "trade_id": "T-290000F8"}, {"symbol": "SBIN", "price": 965.2188375, "quantity": 10, "timestamp": "2026-06-01T09:28:00+05:30", "direction": "SELL", "trade_id": "T-2B82B678"}, {"symbol": "SBIN", "price": 966.231135, "quantity": 10, "timestamp": "2026-06-01T09:29:00+05:30", "direction": "BUY", "trade_id": "T-991C9D20"}, {"symbol": "SBIN", "price": 964.7191125, "quantity": 10, "timestamp": "2026-06-01T09:30:00+05:30", "direction": "SELL", "trade_id": "T-0C2BF003"}, {"symbol": "SBIN", "price": 967.431795, "quantity": 10, "timestamp": "2026-06-01T09:31:00+05:30", "direction": "BUY", "trade_id": "T-B1C26B4D"}, {"symbol": "SBIN", "price": 965.2688099999999, "quantity": 10, "timestamp": "2026-06-01T09:32:00+05:30", "direction": "SELL", "trade_id": "T-70C95EB5"}, {"symbol": "SBIN", "price": 966.2811625, "quantity": 10, "timestamp": "2026-06-01T09:33:00+05:30", "direction": "BUY", "trade_id": "T-27B8845E"}, {"symbol": "SBIN", "price": 965.368755, "quantity": 10, "timestamp": "2026-06-01T09:34:00+05:30", "direction": "SELL", "trade_id": "T-84D94367"}, {"symbol": "SBIN", "price": 966.0810524999999, "quantity": 10, "timestamp": "2026-06-01T09:35:00+05:30", "direction": "BUY", "trade_id": "T-607892C0"}, {"symbol": "SBIN", "price": 964.4192775, "quantity": 10, "timestamp": "2026-06-01T09:36:00+05:30", "direction": "SELL", "trade_id": "T-E7286275"}, {"symbol": "SBIN", "price": 964.9804475000001, "quantity": 10, "timestamp": "2026-06-01T09:37:00+05:30", "direction": "BUY", "trade_id": "T-9FE3D877"}, {"symbol": "SBIN", "price": 963.4698, "quantity": 10, "timestamp": "2026-06-01T09:38:00+05:30", "direction": "SELL", "trade_id": "T-C20521FD"}]}, "market_trades": {"SBIN": []}, "positions": {}, "portfolio_value": 99876.03280718267, "cash": 99876.03280718267, "trader_data": "{\"pos\": 10}", "listings": {}, "observations": {}}, "orders_submitted": [{"symbol": "SBIN", "direction": "BUY", "price": 0, "quantity": 10}], "orders_filled": [{"symbol": "SBIN", "direction": "BUY", "price": 965.630805, "qty": 10, "timestamp": "2026-06-01T09:39:00+05:30", "charges": 4.099817334020699}], "strategy_logs": "[{\"type\":\"print\",\"message\":\"Tick | Symbol: SBIN | Pos: 0\\n  -> MARKET BUY 10 units\"}]", "portfolio_value": 99876.03280718267, "cash": 99876.03280718267}
{"step": 25, "timestamp": "2026-06-01T09:40:00+05:30", "state_snapshot": {"timestamp": "2026-06-01T09:40:00+05:30", "order_depths": {"SBIN": {"symbol": "SBIN", "bid_prices": [966.95], "bid_volumes": [100], "ask_prices": [967.04], "ask_volumes": [100]}}, "own_trades": {"SBIN": [{"symbol": "SBIN", "price": 966.7814375, "quantity": 10, "timestamp": "2026-06-01T09:15:00+05:30", "direction": "BUY", "trade_id": "T-81D903F5"}, {"symbol": "SBIN", "price": 964.7191125, "quantity": 10, "timestamp": "2026-06-01T09:16:00+05:30", "direction": "SELL", "trade_id": "T-3E60EA7A"}, {"symbol": "SBIN", "price": 965.2806125, "quantity": 10, "timestamp": "2026-06-01T09:17:00+05:30", "direction": "BUY", "trade_id": "T-741CB8AF"}, {"symbol": "SBIN", "price": 966.46815, "quantity": 10, "timestamp": "2026-06-01T09:18:00+05:30", "direction": "SELL", "trade_id": "T-69203AAE"}, {"symbol": "SBIN", "price": 968.9826475000001, "quantity": 10, "timestamp": "2026-06-01T09:19:00+05:30", "direction": "BUY", "trade_id": "T-C2561905"}, {"symbol": "SBIN", "price": 968.46705, "quantity": 10, "timestamp": "2026-06-01T09:20:00+05:30", "direction": "SELL", "trade_id": "T-43947E06"}, {"symbol": "SBIN", "price": 968.1822075, "quantity": 10, "timestamp": "2026-06-01T09:21:00+05:30", "direction": "BUY", "trade_id": "T-124079BB"}, {"symbol": "SBIN", "price": 967.86738, "quantity": 10, "timestamp": "2026-06-01T09:22:00+05:30", "direction": "SELL", "trade_id": "T-35226458"}, {"symbol": "SBIN", "price": 968.8325649999999, "quantity": 10, "timestamp": "2026-06-01T09:23:00+05:30", "direction": "BUY", "trade_id": "T-1D61D099"}, {"symbol": "SBIN", "price": 967.06782, "quantity": 10, "timestamp": "2026-06-01T09:24:00+05:30", "direction": "SELL", "trade_id": "T-DF4F6437"}, {"symbol": "SBIN", "price": 967.832015, "quantity": 10, "timestamp": "2026-06-01T09:25:00+05:30", "direction": "BUY", "trade_id": "T-B8917401"}, {"symbol": "SBIN", "price": 965.9184525000001, "quantity": 10, "timestamp": "2026-06-01T09:26:00+05:30", "direction": "SELL", "trade_id": "T-B079973B"}, {"symbol": "SBIN", "price": 967.13163, "quantity": 10, "timestamp": "2026-06-01T09:27:00+05:30", "direction": "BUY", "trade_id": "T-290000F8"}, {"symbol": "SBIN", "price": 965.2188375, "quantity": 10, "timestamp": "2026-06-01T09:28:00+05:30", "direction": "SELL", "trade_id": "T-2B82B678"}, {"symbol": "SBIN", "price": 966.231135, "quantity": 10, "timestamp": "2026-06-01T09:29:00+05:30", "direction": "BUY", "trade_id": "T-991C9D20"}, {"symbol": "SBIN", "price": 964.7191125, "quantity": 10, "timestamp": "2026-06-01T09:30:00+05:30", "direction": "SELL", "trade_id": "T-0C2BF003"}, {"symbol": "SBIN", "price": 967.431795, "quantity": 10, "timestamp": "2026-06-01T09:31:00+05:30", "direction": "BUY", "trade_id": "T-B1C26B4D"}, {"symbol": "SBIN", "price": 965.2688099999999, "quantity": 10, "timestamp": "2026-06-01T09:32:00+05:30", "direction": "SELL", "trade_id": "T-70C95EB5"}, {"symbol": "SBIN", "price": 966.2811625, "quantity": 10, "timestamp": "2026-06-01T09:33:00+05:30", "direction": "BUY", "trade_id": "T-27B8845E"}, {"symbol": "SBIN", "price": 965.368755, "quantity": 10, "timestamp": "2026-06-01T09:34:00+05:30", "direction": "SELL", "trade_id": "T-84D94367"}, {"symbol": "SBIN", "price": 966.0810524999999, "quantity": 10, "timestamp": "2026-06-01T09:35:00+05:30", "direction": "BUY", "trade_id": "T-607892C0"}, {"symbol": "SBIN", "price": 964.4192775, "quantity": 10, "timestamp": "2026-06-01T09:36:00+05:30", "direction": "SELL", "trade_id": "T-E7286275"}, {"symbol": "SBIN", "price": 964.9804475000001, "quantity": 10, "timestamp": "2026-06-01T09:37:00+05:30", "direction": "BUY", "trade_id": "T-9FE3D877"}, {"symbol": "SBIN", "price": 963.4698, "quantity": 10, "timestamp": "2026-06-01T09:38:00+05:30", "direction": "SELL", "trade_id": "T-C20521FD"}, {"symbol": "SBIN", "price": 965.630805, "quantity": 10, "timestamp": "2026-06-01T09:39:00+05:30", "direction": "BUY", "trade_id": "T-C4AF4573"}]}, "market_trades": {"SBIN": []}, "positions": {"SBIN": {"symbol": "SBIN", "quantity": 10, "avg_price": 965.630805, "realized_pnl": 0.0, "unrealized_pnl": 13.691949999999906}}, "portfolio_value": 99885.62493984864, "cash": 99871.93298984865, "trader_data": "{\"pos\": 0}", "listings": {}, "observations": {}}, "orders_submitted": [{"symbol": "SBIN", "direction": "SELL", "price": 0, "quantity": 10}], "orders_filled": [{"symbol": "SBIN", "direction": "SELL", "price": 965.86848, "qty": 10, "timestamp": "2026-06-01T09:40:00+05:30", "charges": 6.225737096275199}], "strategy_logs": "[{\"type\":\"print\",\"message\":\"Tick | Symbol: SBIN | Pos: 10\\n  -> MARKET SELL 10 units\"}]", "portfolio_value": 99885.62493984864, "cash": 99871.93298984865}
{"step": 26, "timestamp": "2026-06-01T09:41:00+05:30", "state_snapshot": {"timestamp": "2026-06-01T09:41:00+05:30", "order_depths": {"SBIN": {"symbol": "SBIN", "bid_prices": [965.45], "bid_volumes": [100], "ask_prices": [965.54], "ask_volumes": [100]}}, "own_trades": {"SBIN": [{"symbol": "SBIN", "price": 966.7814375, "quantity": 10, "timestamp": "2026-06-01T09:15:00+05:30", "direction": "BUY", "trade_id": "T-81D903F5"}, {"symbol": "SBIN", "price": 964.7191125, "quantity": 10, "timestamp": "2026-06-01T09:16:00+05:30", "direction": "SELL", "trade_id": "T-3E60EA7A"}, {"symbol": "SBIN", "price": 965.2806125, "quantity": 10, "timestamp": "2026-06-01T09:17:00+05:30", "direction": "BUY", "trade_id": "T-741CB8AF"}, {"symbol": "SBIN", "price": 966.46815, "quantity": 10, "timestamp": "2026-06-01T09:18:00+05:30", "direction": "SELL", "trade_id": "T-69203AAE"}, {"symbol": "SBIN", "price": 968.9826475000001, "quantity": 10, "timestamp": "2026-06-01T09:19:00+05:30", "direction": "BUY", "trade_id": "T-C2561905"}, {"symbol": "SBIN", "price": 968.46705, "quantity": 10, "timestamp": "2026-06-01T09:20:00+05:30", "direction": "SELL", "trade_id": "T-43947E06"}, {"symbol": "SBIN", "price": 968.1822075, "quantity": 10, "timestamp": "2026-06-01T09:21:00+05:30", "direction": "BUY", "trade_id": "T-124079BB"}, {"symbol": "SBIN", "price": 967.86738, "quantity": 10, "timestamp": "2026-06-01T09:22:00+05:30", "direction": "SELL", "trade_id": "T-35226458"}, {"symbol": "SBIN", "price": 968.8325649999999, "quantity": 10, "timestamp": "2026-06-01T09:23:00+05:30", "direction": "BUY", "trade_id": "T-1D61D099"}, {"symbol": "SBIN", "price": 967.06782, "quantity": 10, "timestamp": "2026-06-01T09:24:00+05:30", "direction": "SELL", "trade_id": "T-DF4F6437"}, {"symbol": "SBIN", "price": 967.832015, "quantity": 10, "timestamp": "2026-06-01T09:25:00+05:30", "direction": "BUY", "trade_id": "T-B8917401"}, {"symbol": "SBIN", "price": 965.9184525000001, "quantity": 10, "timestamp": "2026-06-01T09:26:00+05:30", "direction": "SELL", "trade_id": "T-B079973B"}, {"symbol": "SBIN", "price": 967.13163, "quantity": 10, "timestamp": "2026-06-01T09:27:00+05:30", "direction": "BUY", "trade_id": "T-290000F8"}, {"symbol": "SBIN", "price": 965.2188375, "quantity": 10, "timestamp": "2026-06-01T09:28:00+05:30", "direction": "SELL", "trade_id": "T-2B82B678"}, {"symbol": "SBIN", "price": 966.231135, "quantity": 10, "timestamp": "2026-06-01T09:29:00+05:30", "direction": "BUY", "trade_id": "T-991C9D20"}, {"symbol": "SBIN", "price": 964.7191125, "quantity": 10, "timestamp": "2026-06-01T09:30:00+05:30", "direction": "SELL", "trade_id": "T-0C2BF003"}, {"symbol": "SBIN", "price": 967.431795, "quantity": 10, "timestamp": "2026-06-01T09:31:00+05:30", "direction": "BUY", "trade_id": "T-B1C26B4D"}, {"symbol": "SBIN", "price": 965.2688099999999, "quantity": 10, "timestamp": "2026-06-01T09:32:00+05:30", "direction": "SELL", "trade_id": "T-70C95EB5"}, {"symbol": "SBIN", "price": 966.2811625, "quantity": 10, "timestamp": "2026-06-01T09:33:00+05:30", "direction": "BUY", "trade_id": "T-27B8845E"}, {"symbol": "SBIN", "price": 965.368755, "quantity": 10, "timestamp": "2026-06-01T09:34:00+05:30", "direction": "SELL", "trade_id": "T-84D94367"}, {"symbol": "SBIN", "price": 966.0810524999999, "quantity": 10, "timestamp": "2026-06-01T09:35:00+05:30", "direction": "BUY", "trade_id": "T-607892C0"}, {"symbol": "SBIN", "price": 964.4192775, "quantity": 10, "timestamp": "2026-06-01T09:36:00+05:30", "direction": "SELL", "trade_id": "T-E7286275"}, {"symbol": "SBIN", "price": 964.9804475000001, "quantity": 10, "timestamp": "2026-06-01T09:37:00+05:30", "direction": "BUY", "trade_id": "T-9FE3D877"}, {"symbol": "SBIN", "price": 963.4698, "quantity": 10, "timestamp": "2026-06-01T09:38:00+05:30", "direction": "SELL", "trade_id": "T-C20521FD"}, {"symbol": "SBIN", "price": 965.630805, "quantity": 10, "timestamp": "2026-06-01T09:39:00+05:30", "direction": "BUY", "trade_id": "T-C4AF4573"}, {"symbol": "SBIN", "price": 965.86848, "quantity": 10, "timestamp": "2026-06-01T09:40:00+05:30", "direction": "SELL", "trade_id": "T-A65728F8"}]}, "market_trades": {"SBIN": []}, "positions": {}, "portfolio_value": 99865.70725275237, "cash": 99865.70725275237, "trader_data": "{\"pos\": 10}", "listings": {}, "observations": {}}, "orders_submitted": [{"symbol": "SBIN", "direction": "BUY", "price": 0, "quantity": 10}], "orders_filled": [{"symbol": "SBIN", "direction": "BUY", "price": 967.13163, "qty": 10, "timestamp": "2026-06-01T09:41:00+05:30", "charges": 4.1061894467562}], "strategy_logs": "[{\"type\":\"print\",\"message\":\"Tick | Symbol: SBIN | Pos: 0\\n  -> MARKET BUY 10 units\"}]", "portfolio_value": 99865.70725275237, "cash": 99865.70725275237}
{"step": 27, "timestamp": "2026-06-01T09:42:00+05:30", "state_snapshot": {"timestamp": "2026-06-01T09:42:00+05:30", "order_depths": {"SBIN": {"symbol": "SBIN", "bid_prices": [965.7], "bid_volumes": [100], "ask_prices": [965.79], "ask_volumes": [100]}}, "own_trades": {"SBIN": [{"symbol": "SBIN", "price": 966.7814375, "quantity": 10, "timestamp": "2026-06-01T09:15:00+05:30", "direction": "BUY", "trade_id": "T-81D903F5"}, {"symbol": "SBIN", "price": 964.7191125, "quantity": 10, "timestamp": "2026-06-01T09:16:00+05:30", "direction": "SELL", "trade_id": "T-3E60EA7A"}, {"symbol": "SBIN", "price": 965.2806125, "quantity": 10, "timestamp": "2026-06-01T09:17:00+05:30", "direction": "BUY", "trade_id": "T-741CB8AF"}, {"symbol": "SBIN", "price": 966.46815, "quantity": 10, "timestamp": "2026-06-01T09:18:00+05:30", "direction": "SELL", "trade_id": "T-69203AAE"}, {"symbol": "SBIN", "price": 968.9826475000001, "quantity": 10, "timestamp": "2026-06-01T09:19:00+05:30", "direction": "BUY", "trade_id": "T-C2561905"}, {"symbol": "SBIN", "price": 968.46705, "quantity": 10, "timestamp": "2026-06-01T09:20:00+05:30", "direction": "SELL", "trade_id": "T-43947E06"}, {"symbol": "SBIN", "price": 968.1822075, "quantity": 10, "timestamp": "2026-06-01T09:21:00+05:30", "direction": "BUY", "trade_id": "T-124079BB"}, {"symbol": "SBIN", "price": 967.86738, "quantity": 10, "timestamp": "2026-06-01T09:22:00+05:30", "direction": "SELL", "trade_id": "T-35226458"}, {"symbol": "SBIN", "price": 968.8325649999999, "quantity": 10, "timestamp": "2026-06-01T09:23:00+05:30", "direction": "BUY", "trade_id": "T-1D61D099"}, {"symbol": "SBIN", "price": 967.06782, "quantity": 10, "timestamp": "2026-06-01T09:24:00+05:30", "direction": "SELL", "trade_id": "T-DF4F6437"}, {"symbol": "SBIN", "price": 967.832015, "quantity": 10, "timestamp": "2026-06-01T09:25:00+05:30", "direction": "BUY", "trade_id": "T-B8917401"}, {"symbol": "SBIN", "price": 965.9184525000001, "quantity": 10, "timestamp": "2026-06-01T09:26:00+05:30", "direction": "SELL", "trade_id": "T-B079973B"}, {"symbol": "SBIN", "price": 967.13163, "quantity": 10, "timestamp": "2026-06-01T09:27:00+05:30", "direction": "BUY", "trade_id": "T-290000F8"}, {"symbol": "SBIN", "price": 965.2188375, "quantity": 10, "timestamp": "2026-06-01T09:28:00+05:30", "direction": "SELL", "trade_id": "T-2B82B678"}, {"symbol": "SBIN", "price": 966.231135, "quantity": 10, "timestamp": "2026-06-01T09:29:00+05:30", "direction": "BUY", "trade_id": "T-991C9D20"}, {"symbol": "SBIN", "price": 964.7191125, "quantity": 10, "timestamp": "2026-06-01T09:30:00+05:30", "direction": "SELL", "trade_id": "T-0C2BF003"}, {"symbol": "SBIN", "price": 967.431795, "quantity": 10, "timestamp": "2026-06-01T09:31:00+05:30", "direction": "BUY", "trade_id": "T-B1C26B4D"}, {"symbol": "SBIN", "price": 965.2688099999999, "quantity": 10, "timestamp": "2026-06-01T09:32:00+05:30", "direction": "SELL", "trade_id": "T-70C95EB5"}, {"symbol": "SBIN", "price": 966.2811625, "quantity": 10, "timestamp": "2026-06-01T09:33:00+05:30", "direction": "BUY", "trade_id": "T-27B8845E"}, {"symbol": "SBIN", "price": 965.368755, "quantity": 10, "timestamp": "2026-06-01T09:34:00+05:30", "direction": "SELL", "trade_id": "T-84D94367"}, {"symbol": "SBIN", "price": 966.0810524999999, "quantity": 10, "timestamp": "2026-06-01T09:35:00+05:30", "direction": "BUY", "trade_id": "T-607892C0"}, {"symbol": "SBIN", "price": 964.4192775, "quantity": 10, "timestamp": "2026-06-01T09:36:00+05:30", "direction": "SELL", "trade_id": "T-E7286275"}, {"symbol": "SBIN", "price": 964.9804475000001, "quantity": 10, "timestamp": "2026-06-01T09:37:00+05:30", "direction": "BUY", "trade_id": "T-9FE3D877"}, {"symbol": "SBIN", "price": 963.4698, "quantity": 10, "timestamp": "2026-06-01T09:38:00+05:30", "direction": "SELL", "trade_id": "T-C20521FD"}, {"symbol": "SBIN", "price": 965.630805, "quantity": 10, "timestamp": "2026-06-01T09:39:00+05:30", "direction": "BUY", "trade_id": "T-C4AF4573"}, {"symbol": "SBIN", "price": 965.86848, "quantity": 10, "timestamp": "2026-06-01T09:40:00+05:30", "direction": "SELL", "trade_id": "T-A65728F8"}, {"symbol": "SBIN", "price": 967.13163, "quantity": 10, "timestamp": "2026-06-01T09:41:00+05:30", "direction": "BUY", "trade_id": "T-CC47FBE0"}]}, "market_trades": {"SBIN": []}, "positions": {"SBIN": {"symbol": "SBIN", "quantity": 10, "avg_price": 967.1316300000001, "realized_pnl": 0.0, "unrealized_pnl": -13.816300000000865}}, "portfolio_value": 99847.78476330561, "cash": 99861.60106330561, "trader_data": "{\"pos\": 0}", "listings": {}, "observations": {}}, "orders_submitted": [{"symbol": "SBIN", "direction": "SELL", "price": 0, "quantity": 10}], "orders_filled": [{"symbol": "SBIN", "direction": "SELL", "price": 965.06892, "qty": 10, "timestamp": "2026-06-01T09:42:00+05:30", "charges": 6.2205833404007995}], "strategy_logs": "[{\"type\":\"print\",\"message\":\"Tick | Symbol: SBIN | Pos: 10\\n  -> MARKET SELL 10 units\"}]", "portfolio_value": 99847.78476330561, "cash": 99861.60106330561}
{"step": 28, "timestamp": "2026-06-01T09:43:00+05:30", "state_snapshot": {"timestamp": "2026-06-01T09:43:00+05:30", "order_depths": {"SBIN": {"symbol": "SBIN", "bid_prices": [965.75], "bid_volumes": [100], "ask_prices": [965.84], "ask_volumes": [100]}}, "own_trades": {"SBIN": [{"symbol": "SBIN", "price": 966.7814375, "quantity": 10, "timestamp": "2026-06-01T09:15:00+05:30", "direction": "BUY", "trade_id": "T-81D903F5"}, {"symbol": "SBIN", "price": 964.7191125, "quantity": 10, "timestamp": "2026-06-01T09:16:00+05:30", "direction": "SELL", "trade_id": "T-3E60EA7A"}, {"symbol": "SBIN", "price": 965.2806125, "quantity": 10, "timestamp": "2026-06-01T09:17:00+05:30", "direction": "BUY", "trade_id": "T-741CB8AF"}, {"symbol": "SBIN", "price": 966.46815, "quantity": 10, "timestamp": "2026-06-01T09:18:00+05:30", "direction": "SELL", "trade_id": "T-69203AAE"}, {"symbol": "SBIN", "price": 968.9826475000001, "quantity": 10, "timestamp": "2026-06-01T09:19:00+05:30", "direction": "BUY", "trade_id": "T-C2561905"}, {"symbol": "SBIN", "price": 968.46705, "quantity": 10, "timestamp": "2026-06-01T09:20:00+05:30", "direction": "SELL", "trade_id": "T-43947E06"}, {"symbol": "SBIN", "price": 968.1822075, "quantity": 10, "timestamp": "2026-06-01T09:21:00+05:30", "direction": "BUY", "trade_id": "T-124079BB"}, {"symbol": "SBIN", "price": 967.86738, "quantity": 10, "timestamp": "2026-06-01T09:22:00+05:30", "direction": "SELL", "trade_id": "T-35226458"}, {"symbol": "SBIN", "price": 968.8325649999999, "quantity": 10, "timestamp": "2026-06-01T09:23:00+05:30", "direction": "BUY", "trade_id": "T-1D61D099"}, {"symbol": "SBIN", "price": 967.06782, "quantity": 10, "timestamp": "2026-06-01T09:24:00+05:30", "direction": "SELL", "trade_id": "T-DF4F6437"}, {"symbol": "SBIN", "price": 967.832015, "quantity": 10, "timestamp": "2026-06-01T09:25:00+05:30", "direction": "BUY", "trade_id": "T-B8917401"}, {"symbol": "SBIN", "price": 965.9184525000001, "quantity": 10, "timestamp": "2026-06-01T09:26:00+05:30", "direction": "SELL", "trade_id": "T-B079973B"}, {"symbol": "SBIN", "price": 967.13163, "quantity": 10, "timestamp": "2026-06-01T09:27:00+05:30", "direction": "BUY", "trade_id": "T-290000F8"}, {"symbol": "SBIN", "price": 965.2188375, "quantity": 10, "timestamp": "2026-06-01T09:28:00+05:30", "direction": "SELL", "trade_id": "T-2B82B678"}, {"symbol": "SBIN", "price": 966.231135, "quantity": 10, "timestamp": "2026-06-01T09:29:00+05:30", "direction": "BUY", "trade_id": "T-991C9D20"}, {"symbol": "SBIN", "price": 964.7191125, "quantity": 10, "timestamp": "2026-06-01T09:30:00+05:30", "direction": "SELL", "trade_id": "T-0C2BF003"}, {"symbol": "SBIN", "price": 967.431795, "quantity": 10, "timestamp": "2026-06-01T09:31:00+05:30", "direction": "BUY", "trade_id": "T-B1C26B4D"}, {"symbol": "SBIN", "price": 965.2688099999999, "quantity": 10, "timestamp": "2026-06-01T09:32:00+05:30", "direction": "SELL", "trade_id": "T-70C95EB5"}, {"symbol": "SBIN", "price": 966.2811625, "quantity": 10, "timestamp": "2026-06-01T09:33:00+05:30", "direction": "BUY", "trade_id": "T-27B8845E"}, {"symbol": "SBIN", "price": 965.368755, "quantity": 10, "timestamp": "2026-06-01T09:34:00+05:30", "direction": "SELL", "trade_id": "T-84D94367"}, {"symbol": "SBIN", "price": 966.0810524999999, "quantity": 10, "timestamp": "2026-06-01T09:35:00+05:30", "direction": "BUY", "trade_id": "T-607892C0"}, {"symbol": "SBIN", "price": 964.4192775, "quantity": 10, "timestamp": "2026-06-01T09:36:00+05:30", "direction": "SELL", "trade_id": "T-E7286275"}, {"symbol": "SBIN", "price": 964.9804475000001, "quantity": 10, "timestamp": "2026-06-01T09:37:00+05:30", "direction": "BUY", "trade_id": "T-9FE3D877"}, {"symbol": "SBIN", "price": 963.4698, "quantity": 10, "timestamp": "2026-06-01T09:38:00+05:30", "direction": "SELL", "trade_id": "T-C20521FD"}, {"symbol": "SBIN", "price": 965.630805, "quantity": 10, "timestamp": "2026-06-01T09:39:00+05:30", "direction": "BUY", "trade_id": "T-C4AF4573"}, {"symbol": "SBIN", "price": 965.86848, "quantity": 10, "timestamp": "2026-06-01T09:40:00+05:30", "direction": "SELL", "trade_id": "T-A65728F8"}, {"symbol": "SBIN", "price": 967.13163, "quantity": 10, "timestamp": "2026-06-01T09:41:00+05:30", "direction": "BUY", "trade_id": "T-CC47FBE0"}, {"symbol": "SBIN", "price": 965.06892, "quantity": 10, "timestamp": "2026-06-01T09:42:00+05:30", "direction": "SELL", "trade_id": "T-992EB1F4"}]}, "market_trades": {"SBIN": []}, "positions": {}, "portfolio_value": 99855.38047996521, "cash": 99855.38047996521, "trader_data": "{\"pos\": 10}", "listings": {}, "observations": {}}, "orders_submitted": [{"symbol": "SBIN", "direction": "BUY", "price": 0, "quantity": 10}], "orders_filled": [{"symbol": "SBIN", "direction": "BUY", "price": 966.231135, "qty": 10, "timestamp": "2026-06-01T09:43:00+05:30", "charges": 4.1023661791149}], "strategy_logs": "[{\"type\":\"print\",\"message\":\"Tick | Symbol: SBIN | Pos: 0\\n  -> MARKET BUY 10 units\"}]", "portfolio_value": 99855.38047996521, "cash": 99855.38047996521}
{"step": 29, "timestamp": "2026-06-01T09:44:00+05:30", "state_snapshot": {"timestamp": "2026-06-01T09:44:00+05:30", "order_depths": {"SBIN": {"symbol": "SBIN", "bid_prices": [964.15], "bid_volumes": [100], "ask_prices": [964.24], "ask_volumes": [100]}}, "own_trades": {"SBIN": [{"symbol": "SBIN", "price": 966.7814375, "quantity": 10, "timestamp": "2026-06-01T09:15:00+05:30", "direction": "BUY", "trade_id": "T-81D903F5"}, {"symbol": "SBIN", "price": 964.7191125, "quantity": 10, "timestamp": "2026-06-01T09:16:00+05:30", "direction": "SELL", "trade_id": "T-3E60EA7A"}, {"symbol": "SBIN", "price": 965.2806125, "quantity": 10, "timestamp": "2026-06-01T09:17:00+05:30", "direction": "BUY", "trade_id": "T-741CB8AF"}, {"symbol": "SBIN", "price": 966.46815, "quantity": 10, "timestamp": "2026-06-01T09:18:00+05:30", "direction": "SELL", "trade_id": "T-69203AAE"}, {"symbol": "SBIN", "price": 968.9826475000001, "quantity": 10, "timestamp": "2026-06-01T09:19:00+05:30", "direction": "BUY", "trade_id": "T-C2561905"}, {"symbol": "SBIN", "price": 968.46705, "quantity": 10, "timestamp": "2026-06-01T09:20:00+05:30", "direction": "SELL", "trade_id": "T-43947E06"}, {"symbol": "SBIN", "price": 968.1822075, "quantity": 10, "timestamp": "2026-06-01T09:21:00+05:30", "direction": "BUY", "trade_id": "T-124079BB"}, {"symbol": "SBIN", "price": 967.86738, "quantity": 10, "timestamp": "2026-06-01T09:22:00+05:30", "direction": "SELL", "trade_id": "T-35226458"}, {"symbol": "SBIN", "price": 968.8325649999999, "quantity": 10, "timestamp": "2026-06-01T09:23:00+05:30", "direction": "BUY", "trade_id": "T-1D61D099"}, {"symbol": "SBIN", "price": 967.06782, "quantity": 10, "timestamp": "2026-06-01T09:24:00+05:30", "direction": "SELL", "trade_id": "T-DF4F6437"}, {"symbol": "SBIN", "price": 967.832015, "quantity": 10, "timestamp": "2026-06-01T09:25:00+05:30", "direction": "BUY", "trade_id": "T-B8917401"}, {"symbol": "SBIN", "price": 965.9184525000001, "quantity": 10, "timestamp": "2026-06-01T09:26:00+05:30", "direction": "SELL", "trade_id": "T-B079973B"}, {"symbol": "SBIN", "price": 967.13163, "quantity": 10, "timestamp": "2026-06-01T09:27:00+05:30", "direction": "BUY", "trade_id": "T-290000F8"}, {"symbol": "SBIN", "price": 965.2188375, "quantity": 10, "timestamp": "2026-06-01T09:28:00+05:30", "direction": "SELL", "trade_id": "T-2B82B678"}, {"symbol": "SBIN", "price": 966.231135, "quantity": 10, "timestamp": "2026-06-01T09:29:00+05:30", "direction": "BUY", "trade_id": "T-991C9D20"}, {"symbol": "SBIN", "price": 964.7191125, "quantity": 10, "timestamp": "2026-06-01T09:30:00+05:30", "direction": "SELL", "trade_id": "T-0C2BF003"}, {"symbol": "SBIN", "price": 967.431795, "quantity": 10, "timestamp": "2026-06-01T09:31:00+05:30", "direction": "BUY", "trade_id": "T-B1C26B4D"}, {"symbol": "SBIN", "price": 965.2688099999999, "quantity": 10, "timestamp": "2026-06-01T09:32:00+05:30", "direction": "SELL", "trade_id": "T-70C95EB5"}, {"symbol": "SBIN", "price": 966.2811625, "quantity": 10, "timestamp": "2026-06-01T09:33:00+05:30", "direction": "BUY", "trade_id": "T-27B8845E"}, {"symbol": "SBIN", "price": 965.368755, "quantity": 10, "timestamp": "2026-06-01T09:34:00+05:30", "direction": "SELL", "trade_id": "T-84D94367"}, {"symbol": "SBIN", "price": 966.0810524999999, "quantity": 10, "timestamp": "2026-06-01T09:35:00+05:30", "direction": "BUY", "trade_id": "T-607892C0"}, {"symbol": "SBIN", "price": 964.4192775, "quantity": 10, "timestamp": "2026-06-01T09:36:00+05:30", "direction": "SELL", "trade_id": "T-E7286275"}, {"symbol": "SBIN", "price": 964.9804475000001, "quantity": 10, "timestamp": "2026-06-01T09:37:00+05:30", "direction": "BUY", "trade_id": "T-9FE3D877"}, {"symbol": "SBIN", "price": 963.4698, "quantity": 10, "timestamp": "2026-06-01T09:38:00+05:30", "direction": "SELL", "trade_id": "T-C20521FD"}, {"symbol": "SBIN", "price": 965.630805, "quantity": 10, "timestamp": "2026-06-01T09:39:00+05:30", "direction": "BUY", "trade_id": "T-C4AF4573"}, {"symbol": "SBIN", "price": 965.86848, "quantity": 10, "timestamp": "2026-06-01T09:40:00+05:30", "direction": "SELL", "trade_id": "T-A65728F8"}, {"symbol": "SBIN", "price": 967.13163, "quantity": 10, "timestamp": "2026-06-01T09:41:00+05:30", "direction": "BUY", "trade_id": "T-CC47FBE0"}, {"symbol": "SBIN", "price": 965.06892, "quantity": 10, "timestamp": "2026-06-01T09:42:00+05:30", "direction": "SELL", "trade_id": "T-992EB1F4"}, {"symbol": "SBIN", "price": 966.231135, "quantity": 10, "timestamp": "2026-06-01T09:43:00+05:30", "direction": "BUY", "trade_id": "T-97319AED"}]}, "market_trades": {"SBIN": []}, "positions": {"SBIN": {"symbol": "SBIN", "quantity": 10, "avg_price": 966.231135, "realized_pnl": 0.0, "unrealized_pnl": -20.311349999999493}}, "portfolio_value": 99830.9667637861, "cash": 99851.2781137861, "trader_data": "{\"pos\": 0}", "listings": {}, "observations": {}}, "orders_submitted": [{"symbol": "SBIN", "direction": "SELL", "price": 0, "quantity": 10}], "orders_filled": [{"symbol": "SBIN", "direction": "SELL", "price": 965.2688099999999, "qty": 10, "timestamp": "2026-06-01T09:44:00+05:30", "charges": 6.2218717793693985}], "strategy_logs": "[{\"type\":\"print\",\"message\":\"Tick | Symbol: SBIN | Pos: 10\\n  -> MARKET SELL 10 units\"}]", "portfolio_value": 99830.9667637861, "cash": 99851.2781137861}
{"step": 30, "timestamp": "2026-06-01T09:45:00+05:30", "state_snapshot": {"timestamp": "2026-06-01T09:45:00+05:30", "order_depths": {"SBIN": {"symbol": "SBIN", "bid_prices": [964.95], "bid_volumes": [100], "ask_prices": [965.04], "ask_volumes": [100]}}, "own_trades": {"SBIN": [{"symbol": "SBIN", "price": 966.7814375, "quantity": 10, "timestamp": "2026-06-01T09:15:00+05:30", "direction": "BUY", "trade_id": "T-81D903F5"}, {"symbol": "SBIN", "price": 964.7191125, "quantity": 10, "timestamp": "2026-06-01T09:16:00+05:30", "direction": "SELL", "trade_id": "T-3E60EA7A"}, {"symbol": "SBIN", "price": 965.2806125, "quantity": 10, "timestamp": "2026-06-01T09:17:00+05:30", "direction": "BUY", "trade_id": "T-741CB8AF"}, {"symbol": "SBIN", "price": 966.46815, "quantity": 10, "timestamp": "2026-06-01T09:18:00+05:30", "direction": "SELL", "trade_id": "T-69203AAE"}, {"symbol": "SBIN", "price": 968.9826475000001, "quantity": 10, "timestamp": "2026-06-01T09:19:00+05:30", "direction": "BUY", "trade_id": "T-C2561905"}, {"symbol": "SBIN", "price": 968.46705, "quantity": 10, "timestamp": "2026-06-01T09:20:00+05:30", "direction": "SELL", "trade_id": "T-43947E06"}, {"symbol": "SBIN", "price": 968.1822075, "quantity": 10, "timestamp": "2026-06-01T09:21:00+05:30", "direction": "BUY", "trade_id": "T-124079BB"}, {"symbol": "SBIN", "price": 967.86738, "quantity": 10, "timestamp": "2026-06-01T09:22:00+05:30", "direction": "SELL", "trade_id": "T-35226458"}, {"symbol": "SBIN", "price": 968.8325649999999, "quantity": 10, "timestamp": "2026-06-01T09:23:00+05:30", "direction": "BUY", "trade_id": "T-1D61D099"}, {"symbol": "SBIN", "price": 967.06782, "quantity": 10, "timestamp": "2026-06-01T09:24:00+05:30", "direction": "SELL", "trade_id": "T-DF4F6437"}, {"symbol": "SBIN", "price": 967.832015, "quantity": 10, "timestamp": "2026-06-01T09:25:00+05:30", "direction": "BUY", "trade_id": "T-B8917401"}, {"symbol": "SBIN", "price": 965.9184525000001, "quantity": 10, "timestamp": "2026-06-01T09:26:00+05:30", "direction": "SELL", "trade_id": "T-B079973B"}, {"symbol": "SBIN", "price": 967.13163, "quantity": 10, "timestamp": "2026-06-01T09:27:00+05:30", "direction": "BUY", "trade_id": "T-290000F8"}, {"symbol": "SBIN", "price": 965.2188375, "quantity": 10, "timestamp": "2026-06-01T09:28:00+05:30", "direction": "SELL", "trade_id": "T-2B82B678"}, {"symbol": "SBIN", "price": 966.231135, "quantity": 10, "timestamp": "2026-06-01T09:29:00+05:30", "direction": "BUY", "trade_id": "T-991C9D20"}, {"symbol": "SBIN", "price": 964.7191125, "quantity": 10, "timestamp": "2026-06-01T09:30:00+05:30", "direction": "SELL", "trade_id": "T-0C2BF003"}, {"symbol": "SBIN", "price": 967.431795, "quantity": 10, "timestamp": "2026-06-01T09:31:00+05:30", "direction": "BUY", "trade_id": "T-B1C26B4D"}, {"symbol": "SBIN", "price": 965.2688099999999, "quantity": 10, "timestamp": "2026-06-01T09:32:00+05:30", "direction": "SELL", "trade_id": "T-70C95EB5"}, {"symbol": "SBIN", "price": 966.2811625, "quantity": 10, "timestamp": "2026-06-01T09:33:00+05:30", "direction": "BUY", "trade_id": "T-27B8845E"}, {"symbol": "SBIN", "price": 965.368755, "quantity": 10, "timestamp": "2026-06-01T09:34:00+05:30", "direction": "SELL", "trade_id": "T-84D94367"}, {"symbol": "SBIN", "price": 966.0810524999999, "quantity": 10, "timestamp": "2026-06-01T09:35:00+05:30", "direction": "BUY", "trade_id": "T-607892C0"}, {"symbol": "SBIN", "price": 964.4192775, "quantity": 10, "timestamp": "2026-06-01T09:36:00+05:30", "direction": "SELL", "trade_id": "T-E7286275"}, {"symbol": "SBIN", "price": 964.9804475000001, "quantity": 10, "timestamp": "2026-06-01T09:37:00+05:30", "direction": "BUY", "trade_id": "T-9FE3D877"}, {"symbol": "SBIN", "price": 963.4698, "quantity": 10, "timestamp": "2026-06-01T09:38:00+05:30", "direction": "SELL", "trade_id": "T-C20521FD"}, {"symbol": "SBIN", "price": 965.630805, "quantity": 10, "timestamp": "2026-06-01T09:39:00+05:30", "direction": "BUY", "trade_id": "T-C4AF4573"}, {"symbol": "SBIN", "price": 965.86848, "quantity": 10, "timestamp": "2026-06-01T09:40:00+05:30", "direction": "SELL", "trade_id": "T-A65728F8"}, {"symbol": "SBIN", "price": 967.13163, "quantity": 10, "timestamp": "2026-06-01T09:41:00+05:30", "direction": "BUY", "trade_id": "T-CC47FBE0"}, {"symbol": "SBIN", "price": 965.06892, "quantity": 10, "timestamp": "2026-06-01T09:42:00+05:30", "direction": "SELL", "trade_id": "T-992EB1F4"}, {"symbol": "SBIN", "price": 966.231135, "quantity": 10, "timestamp": "2026-06-01T09:43:00+05:30", "direction": "BUY", "trade_id": "T-97319AED"}, {"symbol": "SBIN", "price": 965.2688099999999, "quantity": 10, "timestamp": "2026-06-01T09:44:00+05:30", "direction": "SELL", "trade_id": "T-4A115728"}]}, "market_trades": {"SBIN": []}, "positions": {}, "portfolio_value": 99845.05624200673, "cash": 99845.05624200673, "trader_data": "{\"pos\": 10}", "listings": {}, "observations": {}}, "orders_submitted": [{"symbol": "SBIN", "direction": "BUY", "price": 0, "quantity": 10}], "orders_filled": [{"symbol": "SBIN", "direction": "BUY", "price": 964.6802825, "qty": 10, "timestamp": "2026-06-01T09:45:00+05:30", "charges": 4.095781662621549}], "strategy_logs": "[{\"type\":\"print\",\"message\":\"Tick | Symbol: SBIN | Pos: 0\\n  -> MARKET BUY 10 units\"}]", "portfolio_value": 99845.05624200673, "cash": 99845.05624200673}
